1383998226,341.490000000000,0.500000000000
1383998255,341.430000000000,2.000000000000
1383998255,341.350000000000,0.149829720000
1383998255,341.280000000000,0.008629270000
1383998255,341.070000000000,0.008634590000
1383998255,341.000000000000,0.300000000000
1383998255,340.890000000000,0.045000000000
1383998256,340.860000000000,0.008639910000
1383998256,340.640000000000,0.008645490000
1383998256,340.370000000000,0.514583050000
1383998275,341.490000000000,1.286429700000
1383998275,341.900000000000,0.972130300000
1383998280,341.900000000000,3.000000000000
1383998287,341.900000000000,0.500000000000
1383998301,341.480000000000,3.007000000000
1383998301,341.900000000000,0.898670000000
1383998333,341.900000000000,4.343610000000
1383998345,341.900000000000,16.904660000000
1383998345,341.900000000000,0.500000000000
1383998354,341.900000000000,2.400770000000
1383998369,341.000000000000,0.212504300000
1383998373,341.900000000000,0.480159700000
1383998373,341.900000000000,6.214410300000
1383998407,341.900000000000,0.500000000000
1383998409,341.900000000000,1.107838540000
1383998415,341.890000000000,2.000000000000
1383998452,341.890000000000,0.462002600000
1383998467,341.900000000000,0.500000000000
1383998468,341.890000000000,2.000000000000
1383998468,341.890000000000,0.050000000000
1383998469,341.900000000000,18.481460000000
1383998479,341.900000000000,2.663580000000
1383998489,341.890000000000,3.422496600000
1383998512,341.890000000000,2.000000000000
1383998527,341.900000000000,0.500000000000
1383998536,341.900000000000,0.032711160000
1383998536,342.000000000000,40.000000000000
1383998536,342.000000000000,0.005000000000
1383998543,342.500000000000,21.777084650000
1383998574,342.000000000000,0.056187730000
1383998580,342.800000000000,0.013000000000
1383998587,342.800000000000,0.107900000000
1383998587,342.800000000000,0.392100000000
1383998606,342.010000000000,1.160872480000
1383998624,342.010000000000,0.079127520000
1383998624,342.800000000000,2.002338480000
1383998627,342.000000000000,1.703848540000
1383998639,342.000000000000,0.122000000000
1383998640,342.800000000000,1.004000000000
1383998645,342.800000000000,0.500000000000
1383998650,342.800000000000,6.000000000000
1383998662,342.000000000000,1.900000000000
1383998663,342.800000000000,33.914070000000
1383998674,342.000000000000,2.550000000000
1383998680,342.800000000000,5.181160000000
1383998705,342.800000000000,0.500000000000
1383998716,342.800000000000,0.506331520000
1383998717,342.800000000000,0.029900000000
1383998717,342.900000000000,0.774158480000
1383998767,342.900000000000,0.500000000000
1383998780,342.010000000000,5.000000000000
1383998780,342.000000000000,5.702923950000
1383998785,342.900000000000,0.081335670000
1383998827,342.850000000000,0.500000000000
1383998836,342.850000000000,0.052296920000
1383998857,342.010000000000,0.500000000000
1383998886,342.850000000000,0.500000000000
1383998904,342.850000000000,1.001458360000
1383998921,342.010000000000,0.700000000000
1383998922,342.000000000000,0.738450290000
1383998922,342.000000000000,0.270000000000
1383998922,342.000000000000,2.105380110000
1383998922,342.000000000000,2.186169600000
1383998946,342.850000000000,0.500000000000
1383998947,342.000000000000,2.298403160000
1383998951,342.000000000000,0.675506560000
1383998955,342.000000000000,0.026090280000
1383998955,342.850000000000,0.168469810000
1383998964,341.890000000000,0.100000000000
1383999006,342.850000000000,0.672731000000
1383999006,342.850000000000,0.500000000000
1383999011,342.850000000000,2.649310000000
1383999028,341.890000000000,0.050000000000
1383999065,342.010000000000,0.020214610000
1383999069,342.010000000000,0.100000000000
1383999080,342.010000000000,0.100000000000
1383999122,342.850000000000,1.291876910000
1383999125,342.850000000000,0.500000000000
1383999182,342.850000000000,2.008000000000
1383999187,342.850000000000,0.500000000000
1383999211,342.100000000000,0.020214620000
1383999246,342.850000000000,0.500000000000
1383999300,342.100000000000,3.000000000000
1383999308,342.840000000000,0.500000000000
1383999310,342.840000000000,2.063166000000
1383999316,342.100000000000,0.100000000000
1383999324,342.830000000000,0.145115650000
1383999327,342.100000000000,0.100000000000
1383999339,342.100000000000,0.100000000000
1383999365,342.830000000000,0.500000000000
1383999375,342.830000000000,0.023218500000
1383999387,342.100000000000,0.811524760000
1383999416,342.830000000000,4.000000000000
1383999425,342.830000000000,0.500000000000
1383999427,342.830000000000,4.831665850000
1383999427,342.840000000000,10.168334150000
1383999468,342.100000000000,0.313800000000
1383999485,342.840000000000,0.500000000000
1383999546,342.840000000000,0.500000000000
1383999597,342.840000000000,2.003877000000
1383999606,342.830000000000,0.500000000000
1383999606,342.830000000000,0.029231220000
1383999641,342.100000000000,0.019499000000
1383999642,342.830000000000,0.100400000000
1383999644,342.100000000000,0.100000000000
1383999645,342.830000000000,1.952800000000
1383999647,342.830000000000,0.580695970000
1383999666,342.830000000000,0.500000000000
1383999674,342.100000000000,0.100000000000
1383999678,342.100000000000,3.000000000000
1383999725,342.830000000000,0.500000000000
1383999770,342.100000000000,2.000000000000
1383999778,342.830000000000,0.257241190000
1383999787,342.830000000000,0.500000000000
1383999846,342.830000000000,0.500000000000
1383999848,342.830000000000,0.290231310000
1383999860,342.830000000000,0.079835480000
1383999906,342.830000000000,0.500000000000
1383999956,342.830000000000,2.012806000000
1383999965,342.830000000000,0.500000000000
1383999968,342.100000000000,0.500000000000
1384000018,342.820000000000,7.536753980000
1384000025,342.820000000000,0.500000000000
1384000076,342.110000000000,1.202127970000
1384000086,342.110000000000,0.500000000000
1384000092,342.100000000000,0.100000000000
1384000104,342.100000000000,0.100000000000
1384000146,342.110000000000,0.500000000000
1384000148,342.110000000000,0.500000000000
1384000185,342.110000000000,6.431560000000
1384000190,342.100000000000,12.909128700000
1384000205,342.110000000000,0.500000000000
1384000212,342.110000000000,0.366312030000
1384000248,342.110000000000,1.017450520000
1384000263,342.110000000000,1.070540000000
1384000265,342.110000000000,1.000000000000
1384000270,342.110000000000,0.550000000000
1384000282,342.110000000000,2.149027000000
1384000310,342.100000000000,21.725832920000
1384000310,342.010000000000,0.279785390000
1384000310,342.000000000000,18.977295360000
1384000325,342.100000000000,0.113030000000
1384000339,342.810000000000,0.389139880000
1384000387,342.800000000000,0.500000000000
1384000393,342.100000000000,0.100000000000
1384000422,342.100000000000,0.100000000000
1384000436,342.100000000000,0.100000000000
1384000447,342.500000000000,0.500000000000
1384000484,342.100000000000,0.086970000000
1384000484,342.000000000000,0.013030000000
1384000493,342.000000000000,0.856869680000
1384000496,342.000000000000,0.053804960000
1384000496,341.050000000000,0.046195040000
1384000497,342.500000000000,1.762598540000
1384000506,342.500000000000,0.500000000000
1384000508,341.050000000000,0.100000000000
1384000519,341.050000000000,0.200000000000
1384000531,341.050000000000,0.100000000000
1384000542,341.050000000000,0.100000000000
1384000566,342.490000000000,0.500000000000
1384000571,342.490000000000,4.500000000000
1384000571,342.500000000000,5.336090000000
1384000578,342.500000000000,0.389511240000
1384000612,342.500000000000,3.156219020000
1384000612,342.500000000000,0.404262950000
1384000614,342.500000000000,4.418320950000
1384000615,342.490000000000,0.281679050000
1384000626,342.800000000000,6.500000000000
1384000626,342.810000000000,18.500000000000
1384000639,342.800000000000,0.100000000000
1384000653,342.800000000000,0.100000000000
1384000669,342.800000000000,0.100000000000
1384000686,342.820000000000,0.500000000000
1384000721,342.800000000000,0.200000000000
1384000734,342.800000000000,0.700000000000
1384000734,342.820000000000,1.071421000000
1384000746,342.820000000000,0.500000000000
1384000804,341.110000000000,1.000000000000
1384000805,342.820000000000,0.500000000000
1384000839,342.800000000000,1.980396730000
1384000858,342.790000000000,1.134747220000
1384000867,342.790000000000,0.500000000000
1384000922,341.780000000000,10.000000000000
1384000926,341.780000000000,0.065632770000
1384000926,341.780000000000,0.500000000000
1384000954,341.780000000000,1.434367230000
1384000954,341.780000000000,0.900070770000
1384000961,341.780000000000,3.099929230000
1384000986,342.780000000000,0.500000000000
1384000987,341.780000000000,0.006234140000
1384001025,342.780000000000,0.257920530000
1384001034,342.780000000000,7.909942240000
1384001048,342.780000000000,0.500000000000
1384001105,342.780000000000,0.500000000000
1384001106,341.780000000000,2.721077880000
1384001106,341.780000000000,0.062768790000
1384001130,341.780000000000,0.100000000000
1384001164,341.780000000000,0.500000000000
1384001221,341.780000000000,0.920000000000
1384001226,341.780000000000,0.500000000000
1384001242,341.780000000000,6.996790000000
1384001272,341.780000000000,0.100400000000
1384001278,341.600000000000,0.100000000000
1384001280,341.600000000000,1.230260140000
1384001283,341.780000000000,0.098963330000
1384001311,342.760000000000,2.209820000000
1384001345,342.750000000000,0.500000000000
1384001395,342.500000000000,0.010000200000
1384001407,342.500000000000,0.339999800000
1384001442,342.500000000000,0.160000200000
1384001442,342.500000000000,0.339999800000
1384001447,342.500000000000,0.010000000000
1384001466,342.750000000000,0.500000000000
1384001500,342.750000000000,0.010000000000
1384001503,342.750000000000,0.179623650000
1384001526,342.700000000000,0.500000000000
1384001545,342.500000000000,9.216670000000
1384001552,342.500000000000,4.999811950000
1384001553,342.500000000000,1.000188050000
1384001553,342.700000000000,1.500000000000
1384001553,342.750000000000,5.499811950000
1384001565,342.750000000000,0.310564400000
1384001565,342.750000000000,0.500000000000
1384001573,342.750000000000,0.061062150000
1384001573,342.000000000000,0.500000000000
1384001573,341.780000000000,0.500000000000
1384001573,341.600000000000,0.169739860000
1384001573,341.380000000000,0.004000000000
1384001574,341.110000000000,18.137785460000
1384001574,341.050000000000,20.627412530000
1384001586,342.760000000000,0.290582330000
1384001586,342.760000000000,0.500000000000
1384001613,342.000000000000,0.490000000000
1384001613,341.060000000000,0.510000000000
1384001637,342.760000000000,4.999597670000
1384001637,342.760000000000,0.000402330000
1384001639,342.760000000000,3.143594000000
1384001646,342.760000000000,0.500000000000
1384001653,342.760000000000,1.356003670000
1384001653,342.760000000000,0.500000000000
1384001677,342.760000000000,1.036515880000
1384001706,342.760000000000,0.500000000000
1384001752,342.000000000000,2.078900000000
1384001765,342.750000000000,0.500000000000
1384001789,342.750000000000,0.100000000000
1384001824,342.750000000000,0.302359260000
1384001832,342.750000000000,2.648441000000
1384001869,342.510000000000,0.045498470000
1384001875,342.750000000000,0.005047410000
1384001887,342.750000000000,0.500000000000
1384001916,342.750000000000,5.817493000000
1384001946,342.750000000000,0.500000000000
1384001946,342.750000000000,2.032560180000
1384001949,342.750000000000,0.247002180000
1384002006,342.750000000000,0.500000000000
1384002008,342.750000000000,0.026602110000
1384002035,342.510000000000,0.720000000000
1384002050,342.750000000000,2.626146000000
1384002055,342.510000000000,0.354218500000
1384002059,342.750000000000,0.737027280000
1384002059,342.750000000000,0.100000000000
1384002059,342.780000000000,0.500000000000
1384002059,342.790000000000,100.000000000000
1384002059,342.800000000000,15.157112530000
1384002060,342.850000000000,18.655857000000
1384002060,342.850000000000,4.846384330000
1384002060,342.850000000000,30.000000000000
1384002060,342.850000000000,30.000000000000
1384002060,342.950000000000,198.934000000000
1384002060,343.000000000000,1.069618860000
1384002065,343.000000000000,0.500000000000
1384002088,343.000000000000,0.100000000000
1384002113,343.000000000000,7.134572230000
1384002127,343.370000000000,0.008547640000
1384002145,343.400000000000,0.480000000000
1384002145,343.500000000000,3.500000000000
1384002145,343.590000000000,0.008542160000
1384002145,343.800000000000,0.008536950000
1384002145,344.000000000000,4.000000000000
1384002145,344.010000000000,0.008531730000
1384002145,344.220000000000,0.008526530000
1384002146,344.470000000000,3.086862630000
1384002157,344.460000000000,0.057829650000
1384002187,344.460000000000,0.407165090000
1384002204,344.460000000000,0.092834910000
1384002215,344.460000000000,0.243926290000
1384002238,344.470000000000,1.913137370000
1384002238,344.500000000000,0.494666630000
1384002247,344.500000000000,0.500000000000
1384002259,344.500000000000,2.911003370000
1384002259,344.510000000000,20.000000000000
1384002259,344.900000000000,1.088996630000
1384002260,344.460000000000,3.556480000000
1384002302,344.900000000000,10.000000000000
1384002307,344.900000000000,9.241500000000
1384002328,344.900000000000,0.003856190000
1384002329,343.370000000000,0.491452360000
1384002329,343.370000000000,0.008576750000
1384002329,343.370000000000,0.008576750000
1384002331,343.370000000000,24.299780000000
1384002360,343.370000000000,5.000000000000
1384002365,343.370000000000,0.260284690000
1384002380,343.370000000000,0.239715310000
1384002380,343.090000000000,0.008583750000
1384002380,343.020000000000,0.462616970000
1384002380,343.010000000000,5.600000000000
1384002380,342.800000000000,0.008591010000
1384002381,342.530000000000,1.900000000000
1384002381,342.520000000000,2.865204950000
1384002381,342.520000000000,18.788070760000
1384002381,342.510000000000,37.702192800000
1384002389,344.900000000000,5.000000000000
1384002426,344.900000000000,0.500000000000
1384002485,344.900000000000,0.500000000000
1384002518,343.030000000000,0.070000000000
1384002518,343.030000000000,0.394171190000
1384002544,344.890000000000,0.394171190000
1384002565,344.900000000000,2.404068000000
1384002571,344.890000000000,0.105828810000
1384002571,344.890000000000,0.086549330000
1384002579,344.890000000000,0.657079060000
1384002607,344.700000000000,0.200000000000
1384002614,344.890000000000,0.072905520000
1384002650,344.890000000000,0.077637280000
1384002666,344.900000000000,0.372687360000
1384002728,345.000000000000,1.699376990000
1384002728,345.160000000000,0.045000000000
1384002728,345.200000000000,0.495046350000
1384002728,345.200000000000,0.495046350000
1384002729,345.200000000000,0.495046350000
1384002729,345.200000000000,0.495046350000
1384002729,345.320000000000,0.425437610000
1384002764,344.910000000000,0.004957820000
1384002786,344.910000000000,0.500000000000
1384002791,344.910000000000,1.020000000000
1384002798,344.910000000000,0.660903590000
1384002801,344.900000000000,0.127312640000
1384002801,344.900000000000,0.975930850000
1384002801,344.890000000000,0.896756510000
1384002805,344.910000000000,2.000000000000
1384002818,344.910000000000,2.490000000000
1384002819,344.910000000000,0.100000000000
1384002824,344.890000000000,0.007513480000
1384002842,344.890000000000,0.462486520000
1384002846,344.910000000000,0.500000000000
1384002860,344.910000000000,5.426430080000
1384002877,344.700000000000,0.471434830000
1384002877,344.700000000000,0.500000000000
1384002878,342.570000000000,1.900000000000
1384002878,342.570000000000,1.900000000000
1384002878,342.550000000000,0.500000000000
1384002878,342.540000000000,0.030000000000
1384002878,342.530000000000,10.000000000000
1384002878,342.520000000000,25.079855170000
1384002909,344.900000000000,1.900000000000
1384002909,344.910000000000,0.536303000000
1384002915,344.900000000000,0.500000000000
1384002948,344.900000000000,1.443345900000
1384002949,343.050000000000,0.500000000000
1384002966,344.900000000000,0.500000000000
1384002977,343.060000000000,1.900000000000
1384002977,343.050000000000,0.600000000000
1384002987,343.060000000000,1.500000000000
1384003001,343.060000000000,0.059579490000
1384003004,343.060000000000,0.465982630000
1384003008,343.060000000000,0.300000000000
1384003011,343.060000000000,4.000000000000
1384003027,343.060000000000,0.074437880000
1384003084,344.880000000000,1.900000000000
1384003084,344.900000000000,1.556654100000
1384003084,344.900000000000,0.500000000000
1384003084,344.900000000000,2.205189910000
1384003141,344.900000000000,0.039839580000
1384003146,344.900000000000,0.426143050000
1384003164,344.910000000000,3.336696530000
1384003194,344.910000000000,3.981125510000
1384003205,344.910000000000,0.500000000000
1384003206,344.910000000000,0.028993920000
1384003246,344.900000000000,0.073856950000
1384003258,344.900000000000,0.356143050000
1384003258,344.900000000000,0.080000000000
1384003259,344.910000000000,1.989863950000
1384003265,344.910000000000,0.500000000000
1384003279,344.910000000000,30.000000000000
1384003298,344.910000000000,1.000000000000
1384003302,344.910000000000,15.000000000000
1384003310,344.900000000000,0.003000000000
1384003314,344.910000000000,1.000000000000
1384003323,344.910000000000,5.000000000000
1384003362,344.910000000000,2.264987620000
1384003367,345.320000000000,0.069610460000
1384003367,345.320000000000,0.495048070000
1384003367,345.320000000000,0.198772150000
1384003372,345.320000000000,0.296275920000
1384003372,345.320000000000,0.495048070000
1384003372,345.320000000000,0.495048070000
1384003404,345.500000000000,0.495036180000
1384003404,345.500000000000,0.799435600000
1384003418,345.500000000000,0.200564400000
1384003450,345.530000000000,0.495036610000
1384003450,345.540000000000,0.495036750000
1384003450,345.540000000000,0.495036750000
1384003450,345.540000000000,0.495036750000
1384003450,345.540000000000,0.008493960000
1384003450,345.730000000000,0.495039480000
1384003450,345.830000000000,0.008486830000
1384003450,345.920000000000,0.495042210000
1384003450,345.930000000000,0.495042350000
1384003451,345.930000000000,0.495042350000
1384003451,345.930000000000,0.495042350000
1384003451,346.000000000000,5.000000000000
1384003451,346.000000000000,1.000000000000
1384003451,346.000000000000,1.172137620000
1384003451,346.070000000000,0.045000000000
1384003451,346.120000000000,0.008479720000
1384003451,346.120000000000,0.008479720000
1384003451,346.130000000000,0.495045210000
1384003451,346.180000000000,0.495045930000
1384003452,346.180000000000,0.495045930000
1384003452,346.180000000000,0.495045930000
1384003452,346.180000000000,0.495045930000
1384003452,346.180000000000,0.035007620000
1384003477,346.180000000000,0.455084240000
1384003477,346.190000000000,0.495046070000
1384003477,346.190000000000,0.495046070000
1384003477,346.190000000000,0.495046070000
1384003478,346.210000000000,0.495046360000
1384003478,346.210000000000,0.495046360000
1384003478,346.210000000000,0.495046360000
1384003478,346.220000000000,0.495046500000
1384003478,346.230000000000,0.495046650000
1384003478,346.230000000000,0.495046650000
1384003478,346.230000000000,0.495046650000
1384003478,346.230000000000,0.495046650000
1384003478,346.230000000000,0.495046650000
1384003478,346.250000000000,0.495046930000
1384003479,346.250000000000,0.495046930000
1384003479,346.250000000000,0.495046930000
1384003479,346.250000000000,0.495046930000
1384003479,346.260000000000,0.495047070000
1384003479,346.260000000000,0.495047070000
1384003479,346.260000000000,0.495047070000
1384003479,346.260000000000,0.495047070000
1384003479,346.260000000000,0.495047070000
1384003479,346.260000000000,0.495047070000
1384003480,346.260000000000,0.495047070000
1384003480,346.260000000000,0.495047070000
1384003480,346.260000000000,0.495047070000
1384003480,346.270000000000,0.495047220000
1384003480,346.270000000000,0.495047220000
1384003480,346.270000000000,0.495047220000
1384003480,346.280000000000,0.495047360000
1384003480,346.280000000000,0.188558350000
1384003485,346.280000000000,0.306489010000
1384003485,346.280000000000,0.495047360000
1384003485,346.280000000000,0.490019600000
1384003506,346.000000000000,0.500000000000
1384003522,346.000000000000,1.292543350000
1384003568,345.990000000000,0.500000000000
1384003579,345.990000000000,0.378363550000
1384003595,345.990000000000,0.040464120000
1384003612,346.000000000000,2.418937000000
1384003615,345.990000000000,0.006549330000
1384003623,346.000000000000,0.013000000000
1384003624,345.990000000000,1.245567260000
1384003637,345.800000000000,0.013000000000
1384003648,345.800000000000,0.076711330000
1384003666,345.800000000000,0.900000000000
1384003673,345.800000000000,0.316579590000
1384003674,345.800000000000,0.013000000000
1384003682,345.800000000000,0.057547710000
1384003685,345.800000000000,0.500000000000
1384003706,345.800000000000,1.293262000000
1384003713,345.800000000000,1.819610700000
1384003713,345.990000000000,0.580389300000
1384003735,345.800000000000,3.500000000000
1384003737,345.500000000000,0.008523870000
1384003738,345.440000000000,0.004964680000
1384003738,345.330000000000,0.200000000000
1384003738,345.320000000000,9.290020850000
1384003738,345.220000000000,0.008530790000
1384003738,345.180000000000,0.500000000000
1384003738,345.000000000000,1.000000000000
1384003738,344.930000000000,0.008537960000
1384003738,344.900000000000,1.729421850000
1384003751,345.700000000000,0.500000000000
1384003774,345.700000000000,1.293722880000
1384003790,345.700000000000,14.238270170000
1384003803,345.700000000000,1.299797510000
1384003806,345.700000000000,0.500000000000
1384003831,345.700000000000,0.398871850000
1384003833,345.700000000000,1.299797510000
1384003838,345.700000000000,1.204743990000
1384003848,345.700000000000,1.299797510000
1384003862,345.700000000000,3.333757590000
1384003866,345.700000000000,1.131240990000
1384003866,345.700000000000,0.168556520000
1384003880,345.700000000000,0.781443480000
1384003888,345.700000000000,2.964810500000
1384003888,345.120000000000,12.078489500000
1384003925,345.990000000000,0.500000000000
1384003942,345.990000000000,2.959037000000
1384003992,345.990000000000,0.500000000000
1384004001,345.990000000000,0.460573700000
1384004023,345.990000000000,0.183751280000
1384004023,345.500000000000,4.016248720000
1384004052,346.000000000000,0.500000000000
1384004056,346.000000000000,0.013000000000
1384004107,345.900000000000,0.500000000000
1384004162,345.500000000000,0.487000000000
1384004165,345.500000000000,0.056751280000
1384004165,345.500000000000,0.008523870000
1384004165,345.500000000000,0.200000000000
1384004167,345.500000000000,0.500000000000
1384004178,345.500000000000,0.056600770000
1384004181,345.500000000000,1.435195370000
1384004185,345.500000000000,0.013000000000
1384004190,345.500000000000,6.892706220000
1384004208,345.500000000000,0.640303250000
1384004214,345.450000000000,0.008525110000
1384004220,345.450000000000,0.489766970000
1384004227,345.450000000000,0.500000000000
1384004263,345.450000000000,8.617455490000
1384004279,345.450000000000,2.610598000000
1384004286,345.450000000000,0.500000000000
1384004288,345.410000000000,0.008526090000
1384004288,345.360000000000,0.008527330000
1384004288,345.310000000000,0.008528560000
1384004288,345.260000000000,0.008529800000
1384004288,345.220000000000,0.008530790000
1384004288,345.170000000000,0.008532020000
1384004288,345.130000000000,0.028680580000
1384004294,345.410000000000,0.250000000000
1384004301,345.410000000000,3.250000000000
1384004318,345.410000000000,1.584126840000
1384004345,345.430000000000,0.500000000000
1384004368,345.430000000000,1.300813480000
1384004404,345.430000000000,0.199186520000
1384004431,345.430000000000,0.100000000000
1384004434,345.450000000000,1.000000000000
1384004441,345.450000000000,0.054089790000
1384004448,345.450000000000,0.028803010000
1384004448,345.450000000000,1.300738170000
1384004466,345.450000000000,0.500000000000
1384004482,345.450000000000,2.047283000000
1384004508,345.450000000000,1.300738170000
1384004518,345.430000000000,0.200813480000
1384004526,345.430000000000,0.500000000000
1384004533,345.430000000000,4.299186520000
1384004533,345.450000000000,1.775502290000
1384004533,345.490000000000,5.000000000000
1384004534,345.500000000000,10.196919240000
1384004534,346.200000000000,4.000000000000
1384004534,346.280000000000,0.005027760000
1384004534,346.280000000000,0.495047360000
1384004534,346.280000000000,0.495047360000
1384004534,346.280000000000,0.495047360000
1384004534,346.310000000000,0.495047790000
1384004534,346.330000000000,0.495048080000
1384004534,346.340000000000,0.045000000000
1384004534,346.380000000000,0.495048790000
1384004535,346.430000000000,0.495049500000
1384004535,346.490000000000,0.006000000000
1384004535,346.500000000000,0.150000000000
1384004535,346.500000000000,0.495036080000
1384004535,346.590000000000,0.495037360000
1384004535,346.630000000000,0.495037940000
1384004535,346.800000000000,5.000000000000
1384004535,346.810000000000,0.495040510000
1384004535,346.810000000000,0.495040510000
1384004535,346.820000000000,0.045000000000
1384004536,346.830000000000,0.470000000000
1384004536,347.030000000000,0.045000000000
1384004536,347.090000000000,26.040638350000
1384004536,347.100000000000,0.200000000000
1384004536,347.110000000000,4.845835000000
1384004536,347.230000000000,0.045000000000
1384004536,347.270000000000,1.165602200000
1384004547,345.410000000000,0.500000000000
1384004559,347.260000000000,3.800000000000
1384004559,347.270000000000,9.894397800000
1384004570,347.450000000000,0.212792400000
1384004573,347.470000000000,0.045000000000
1384004574,347.500000000000,3.000000000000
1384004574,347.500000000000,5.000000000000
1384004574,347.690000000000,0.044600000000
1384004574,347.690000000000,0.008441430000
1384004574,347.830000000000,0.495040680000
1384004574,347.870000000000,0.495041250000
1384004574,347.890000000000,0.044600000000
1384004574,347.900000000000,5.000000000000
1384004574,347.910000000000,0.495041820000
1384004575,347.920000000000,0.495041960000
1384004575,347.930000000000,0.495042110000
1384004575,347.930000000000,0.008435610000
1384004575,347.950000000000,0.495042390000
1384004575,347.950000000000,0.495042390000
1384004575,347.950000000000,0.495042390000
1384004575,347.960000000000,11.000000000000
1384004575,347.980000000000,1.632727980000
1384004576,347.980000000000,0.400000000000
1384004576,347.980000000000,0.008434400000
1384004576,347.980000000000,0.008434400000
1384004576,348.000000000000,0.100000000000
1384004576,348.000000000000,0.591020300000
1384004576,348.000000000000,0.020000000000
1384004576,348.000000000000,2.000000000000
1384004576,348.000000000000,3.475705710000
1384004576,348.000000000000,0.211710980000
1384004577,348.000000000000,1.508654970000
1384004577,348.020000000000,0.008433430000
1384004577,348.030000000000,0.007944720000
1384004577,348.040000000000,0.007944490000
1384004577,348.070000000000,0.008432220000
1384004577,348.090000000000,0.044300000000
1384004577,348.100000000000,4.604733460000
1384004577,348.100000000000,0.495044530000
1384004577,348.100000000000,0.495044530000
1384004577,348.100000000000,0.007943120000
1384004578,348.120000000000,1.213124400000
1384004578,348.120000000000,0.008431010000
1384004578,348.150000000000,0.495045240000
1384004578,348.160000000000,0.007941760000
1384004578,348.170000000000,0.008429800000
1384004578,348.200000000000,0.007940840000
1384004578,348.200000000000,0.163000000000
1384004578,348.210000000000,0.008428830000
1384004578,348.220000000000,0.007940390000
1384004578,348.230000000000,1.000000000000
1384004579,348.240000000000,0.495046520000
1384004579,348.260000000000,0.008427620000
1384004579,348.260000000000,0.008427620000
1384004579,348.280000000000,0.007939020000
1384004579,348.300000000000,0.044600000000
1384004579,348.310000000000,0.044300000000
1384004579,348.330000000000,0.495047800000
1384004579,348.340000000000,0.007937650000
1384004579,348.340000000000,0.495047940000
1384004580,348.350000000000,0.495048080000
1384004580,348.350000000000,0.495048080000
1384004580,348.350000000000,0.495048080000
1384004580,348.350000000000,0.495048080000
1384004580,348.350000000000,0.495048080000
1384004580,348.350000000000,0.495048080000
1384004580,348.360000000000,0.495048230000
1384004580,348.360000000000,0.495048230000
1384004580,348.360000000000,0.495048230000
1384004580,348.360000000000,0.495048230000
1384004581,348.360000000000,0.495048230000
1384004581,348.370000000000,0.007936970000
1384004581,348.370000000000,0.007936970000
1384004581,348.420000000000,0.007935830000
1384004581,348.420000000000,0.495049080000
1384004581,348.430000000000,0.495049220000
1384004581,348.430000000000,0.495049220000
1384004581,348.450000000000,0.495049500000
1384004581,348.450000000000,0.495049500000
1384004582,348.450000000000,0.495049500000
1384004582,348.450000000000,0.495049500000
1384004582,348.450000000000,0.495049500000
1384004582,348.450000000000,0.495049500000
1384004582,348.450000000000,0.495049500000
1384004582,348.450000000000,0.495049500000
1384004582,348.460000000000,0.080000000000
1384004582,348.480000000000,0.007934460000
1384004583,348.490000000000,0.495035730000
1384004583,348.490000000000,0.495035730000
1384004583,348.500000000000,0.100000000000
1384004583,348.500000000000,1.160872480000
1384004583,348.510000000000,0.495036010000
1384004583,348.520000000000,0.044600000000
1384004583,348.540000000000,0.007933100000
1384004583,348.600000000000,0.007931730000
1384004583,348.600000000000,0.810434810000
1384004583,348.660000000000,0.007930370000
1384004584,348.680000000000,0.044300000000
1384004584,348.690000000000,0.843647420000
1384004584,348.710000000000,0.495038860000
1384004584,348.720000000000,0.007929000000
1384004584,348.730000000000,0.701219520000
1384004584,348.740000000000,0.030525040000
1384004584,348.770000000000,0.495039710000
1384004584,348.780000000000,0.007927640000
1384004584,348.790000000000,0.007927410000
1384004584,348.790000000000,0.007927410000
1384004585,348.800000000000,5.000000000000
1384004585,348.800000000000,1.595357890000
1384004585,348.850000000000,0.270819400000
1384004585,348.880000000000,0.050000000000
1384004585,348.880000000000,0.044600000000
1384004585,348.890000000000,0.495041420000
1384004585,348.890000000000,0.495041420000
1384004585,348.890000000000,0.495041420000
1384004585,348.900000000000,0.007924910000
1384004586,348.900000000000,0.495041560000
1384004586,348.910000000000,0.007924680000
1384004586,348.910000000000,0.495041700000
1384004586,348.910000000000,0.495041700000
1384004586,348.910000000000,0.495041700000
1384004586,348.920000000000,3.800000000000
1384004586,348.930000000000,19.763995140000
1384004587,347.450000000000,20.000000000000
1384004599,347.450000000000,19.092809800000
1384004599,347.450000000000,0.008476030000
1384004622,347.410000000000,0.008477010000
1384004630,347.410000000000,0.010338220000
1384004641,347.410000000000,0.132864340000
1384004641,347.410000000000,0.380000000000
1384004641,347.410000000000,0.008477010000
1384004647,347.400000000000,0.500000000000
1384004648,347.380000000000,0.655103440000
1384004668,347.380000000000,0.258535800000
1384004672,347.380000000000,0.219812820000
1384004672,347.400000000000,0.838038640000
1384004672,347.410000000000,4.442148540000
1384004679,347.380000000000,1.293511430000
1384004684,347.380000000000,0.003598360000
1384004690,347.370000000000,0.008477990000
1384004699,347.330000000000,0.008478960000
1384004699,347.300000000000,0.008479700000
1384004699,347.290000000000,0.008479940000
1384004699,347.250000000000,0.008480920000
1384004699,347.210000000000,0.008481890000
1384004699,347.200000000000,0.007589470000
1384004705,347.370000000000,0.041522010000
1384004705,347.380000000000,0.388377990000
1384004708,347.380000000000,8.415994390000
1384004708,347.410000000000,5.557851460000
1384004708,347.450000000000,24.898714170000
1384004708,348.200000000000,0.003000000000
1384004708,348.580000000000,10.000000000000
1384004708,348.930000000000,20.236004860000
1384004708,348.970000000000,0.069176800000
1384004709,348.970000000000,0.007923320000
1384004709,349.000000000000,0.570000000000
1384004709,349.000000000000,1.000000000000
1384004709,349.000000000000,1.000000000000
1384004709,349.000000000000,1.000000000000
1384004709,349.000000000000,5.000000000000
1384004709,349.000000000000,0.020000000000
1384004709,349.000000000000,1.000000000000
1384004709,349.000000000000,1.231800000000
1384004709,349.010000000000,12.990855000000
1384004712,349.000000000000,0.034382780000
1384004722,349.000000000000,0.005588570000
1384004737,348.000000000000,0.008438390000
1384004749,348.000000000000,4.885973040000
1384004749,349.000000000000,0.100000000000
1384004749,349.010000000000,12.009145000000
1384004749,349.040000000000,0.495043550000
1384004749,349.040000000000,0.495043550000
1384004749,349.040000000000,0.495043550000
1384004749,349.040000000000,0.495043550000
1384004749,349.040000000000,0.007921730000
1384004749,349.070000000000,0.495043970000
1384004749,349.080000000000,0.044600000000
1384004750,349.080000000000,0.007920830000
1384004750,349.100000000000,0.007920370000
1384004750,349.120000000000,1.213124400000
1384004750,349.120000000000,0.007919920000
1384004750,349.160000000000,0.007919010000
1384004750,349.160000000000,0.495045250000
1384004750,349.160000000000,0.495045250000
1384004750,349.170000000000,0.702290080000
1384004750,349.170000000000,0.703363920000
1384004751,349.200000000000,3.000000000000
1384004751,349.230000000000,0.007917420000
1384004751,349.230000000000,0.007917420000
1384004751,349.230000000000,12.293864900000
1384004751,349.250000000000,0.495046530000
1384004751,349.260000000000,0.281196760000
1384004767,349.000000000000,0.500000000000
1384004794,347.380000000000,0.800000000000
1384004823,347.380000000000,0.583700850000
1384004823,347.380000000000,0.008477740000
1384004824,347.370000000000,0.025342190000
1384004832,347.380000000000,0.315832290000
1384004832,348.000000000000,60.000000000000
1384004832,348.940000000000,1.713639240000
1384004832,348.950000000000,5.100000000000
1384004832,349.260000000000,0.213849910000
1384004832,349.290000000000,0.007916060000
1384004832,349.320000000000,3.300000000000
1384004832,349.330000000000,2.000000000000
1384004832,349.330000000000,1.000000000000
1384004832,349.330000000000,0.099981950000
1384004833,349.340000000000,0.007914930000
1384004833,349.350000000000,0.007914700000
1384004833,349.360000000000,0.044600000000
1384004833,349.360000000000,0.495048090000
1384004833,349.370000000000,0.007914250000
1384004833,349.400000000000,0.500000000000
1384004833,349.410000000000,0.007913340000
1384004833,349.410000000000,44.480000000000
1384004834,349.420000000000,1.000000000000
1384004834,349.420000000000,1.000000000000
1384004834,349.430000000000,0.495049080000
1384004834,349.430000000000,0.495049080000
1384004834,349.440000000000,1.000000000000
1384004834,349.440000000000,0.495049220000
1384004834,349.450000000000,1.000000000000
1384004834,349.450000000000,0.495049360000
1384004834,349.450000000000,0.495049360000
1384004835,349.450000000000,0.495049360000
1384004835,349.460000000000,0.495049500000
1384004835,349.460000000000,0.495049500000
1384004835,349.460000000000,0.495049500000
1384004835,349.460000000000,0.495049500000
1384004835,349.460000000000,0.495049500000
1384004835,349.460000000000,0.495049500000
1384004835,349.460000000000,0.495049500000
1384004835,349.460000000000,0.495049500000
1384004835,349.460000000000,0.495049500000
1384004836,349.460000000000,0.495049500000
1384004836,349.460000000000,0.495049500000
1384004836,349.470000000000,0.007911990000
1384004836,349.470000000000,16.200584340000
1384004836,349.470000000000,30.000000000000
1384004836,349.470000000000,0.430468540000
1384004836,349.480000000000,0.495035480000
1384004836,349.480000000000,0.495035480000
1384004836,349.480000000000,0.495035480000
1384004837,349.490000000000,0.379180000000
1384004837,349.500000000000,15.000000000000
1384004837,349.520000000000,0.097000000000
1384004837,349.540000000000,0.007910400000
1384004837,349.550000000000,0.495036480000
1384004837,349.560000000000,0.007909950000
1384004837,349.570000000000,0.031094100000
1384004837,349.570000000000,0.495036760000
1384004837,349.580000000000,1.021268190000
1384004838,349.600000000000,0.007909040000
1384004838,349.640000000000,0.701433370000
1384004838,349.650000000000,0.495037900000
1384004838,349.670000000000,0.007907460000
1384004838,349.670000000000,0.007907460000
1384004838,349.670000000000,0.007907460000
1384004838,349.670000000000,0.495038180000
1384004838,349.690000000000,0.030486880000
1384004838,349.690000000000,1.000000000000
1384004839,349.700000000000,0.011400000000
1384004839,349.730000000000,0.007906100000
1384004839,349.740000000000,0.008699430000
1384004839,349.740000000000,0.495039170000
1384004839,349.750000000000,5.000000000000
1384004839,349.750000000000,0.007905650000
1384004839,349.750000000000,0.250000000000
1384004839,349.780000000000,0.007904970000
1384004839,349.790000000000,0.007904750000
1384004839,349.800000000000,0.100000000000
1384004840,349.870000000000,23.963610000000
1384004840,349.900000000000,5.000000000000
1384004840,349.900000000000,46.000000000000
1384004840,349.900000000000,2.200000000000
1384004840,349.900000000000,1.000000000000
1384004840,349.940000000000,0.090000000000
1384004840,349.940000000000,0.100000000000
1384004840,349.950000000000,5.000000000000
1384004840,349.960000000000,2.000000000000
1384004841,349.980000000000,0.008386200000
1384004841,349.990000000000,2.066618390000
1384004841,349.990000000000,1.000000000000
1384004841,349.990000000000,1.000000000000
1384004841,349.990000000000,5.000000000000
1384004841,349.990000000000,0.008385960000
1384004841,350.000000000000,0.100000000000
1384004841,350.000000000000,0.050000000000
1384004841,350.000000000000,0.081256580000
1384004841,350.000000000000,1.719432160000
1384004842,350.000000000000,0.100000000000
1384004842,350.000000000000,1.229381060000
1384004842,350.000000000000,10.000000000000
1384004842,350.000000000000,5.000000000000
1384004842,350.000000000000,1.000000000000
1384004842,350.000000000000,5.000000000000
1384004842,350.000000000000,0.200000000000
1384004842,350.000000000000,50.000000000000
1384004842,350.000000000000,1.000000000000
1384004843,350.000000000000,0.401958680000
1384004843,350.000000000000,0.045573030000
1384004843,350.000000000000,1.000000000000
1384004843,350.000000000000,7.000000000000
1384004843,350.000000000000,2.350144080000
1384004843,350.000000000000,0.060000000000
1384004843,350.000000000000,4.269986580000
1384004843,350.000000000000,0.309073400000
1384004843,350.000000000000,0.020000000000
1384004844,350.000000000000,7.708934150000
1384004879,347.800000000000,0.044300000000
1384004882,347.800000000000,0.955700000000
1384004882,349.390000000000,0.583700850000
1384004883,349.990000000000,2.794810090000
1384004883,350.000000000000,48.611160480000
1384004889,349.190000000000,0.044000000000
1384004892,348.000000000000,0.007057140000
1384004922,350.000000000000,0.600000000000
1384004935,347.810000000000,0.600000000000
1384004945,349.990000000000,0.500000000000
1384004954,349.990000000000,2.513215000000
1384005007,349.990000000000,4.121357230000
1384005007,349.990000000000,0.600000000000
1384005007,349.990000000000,2.000000000000
1384005022,349.990000000000,0.025000000000
1384005028,350.000000000000,3.562000000000
1384005038,349.990000000000,0.500000000000
1384005061,348.000000000000,0.079835480000
1384005065,349.990000000000,0.500000000000
1384005076,349.990000000000,0.635533980000
1384005091,348.010000000000,1.828453210000
1384005098,348.000000000000,0.100000000000
1384005105,348.000000000000,1.129904650000
1384005115,348.010000000000,0.502309370000
1384005121,348.010000000000,2.359734820000
1384005121,348.010000000000,1.640265180000
1384005125,349.980000000000,0.500000000000
1384005139,349.980000000000,0.381180360000
1384005157,349.970000000000,3.224633150000
1384005157,349.980000000000,0.947272850000
1384005157,349.990000000000,0.062518710000
1384005157,350.000000000000,39.517905370000
1384005157,350.000000000000,5.000000000000
1384005157,350.000000000000,7.136376810000
1384005158,350.000000000000,4.334366870000
1384005158,350.000000000000,3.000000000000
1384005158,350.000000000000,1.000000000000
1384005158,350.000000000000,0.050000000000
1384005158,350.000000000000,0.759758800000
1384005158,350.000000000000,24.940329510000
1384005158,350.000000000000,1.000000000000
1384005158,350.000000000000,0.500000000000
1384005158,350.000000000000,0.500000000000
1384005159,350.000000000000,80.000000000000
1384005159,350.000000000000,7.000000000000
1384005159,350.000000000000,1.407438430000
1384005159,350.000000000000,0.748751740000
1384005159,350.000000000000,1.000000000000
1384005159,350.000000000000,0.101000000000
1384005159,350.000000000000,0.500000000000
1384005159,350.000000000000,50.000000000000
1384005159,350.000000000000,1.000000000000
1384005159,350.000000000000,53.000000000000
1384005160,350.000000000000,2.000000000000
1384005160,350.000000000000,1.500000000000
1384005160,350.000000000000,0.091863290000
1384005160,350.000000000000,0.145115650000
1384005160,350.000000000000,6.835878820000
1384005164,348.010000000000,3.390295770000
1384005164,348.000000000000,2.438244230000
1384005179,349.990000000000,0.775519650000
1384005179,350.000000000000,3.224480350000
1384005179,350.000000000000,78.048628570000
1384005186,350.000000000000,36.182173970000
1384005186,350.000000000000,0.500000000000
1384005188,350.000000000000,10.455885710000
1384005211,350.000000000000,5.000000000000
1384005211,350.000000000000,0.086657140000
1384005221,349.970000000000,0.197000000000
1384005221,350.000000000000,13.803000000000
1384005230,350.000000000000,8.301058320000
1384005230,350.000000000000,0.025000000000
1384005230,350.000000000000,0.673941680000
1384005230,350.000000000000,2.246971420000
1384005233,350.000000000000,1.279086900000
1384005233,350.000000000000,0.245833090000
1384005239,350.000000000000,1.708192300000
1384005244,350.030000000000,0.500000000000
1384005248,350.000000000000,1.000000000000
1384005260,350.000000000000,0.020000000000
1384005273,350.000000000000,0.200000000000
1384005278,350.000000000000,0.180773420000
1384005283,349.000000000000,0.250000000000
1384005293,350.000000000000,1.496742850000
1384005300,350.000000000000,1.213867080000
1384005307,350.030000000000,0.500000000000
1384005340,350.000000000000,3.059018630000
1384005349,349.000000000000,14.762198950000
1384005349,349.000000000000,40.237801050000
1384005367,350.000000000000,0.112801800000
1384005387,350.030000000000,0.008385000000
1384005387,350.070000000000,0.008384040000
1384005387,350.080000000000,0.008383800000
1384005387,350.100000000000,0.600000000000
1384005388,350.110000000000,0.495044410000
1384005388,350.110000000000,0.008383080000
1384005388,350.120000000000,18.871419670000
1384005390,350.120000000000,9.932690000000
1384005404,350.120000000000,2.685566000000
1384005413,350.120000000000,0.044156290000
1384005419,350.000000000000,0.387198200000
1384005419,350.000000000000,0.008414280000
1384005423,349.990000000000,2.000000000000
1384005425,349.990000000000,0.008414280000
1384005437,349.990000000000,7.795973240000
1384005467,350.120000000000,0.010386050000
1384005471,350.120000000000,0.010386050000
1384005472,350.120000000000,4.000000000000
1384005476,350.120000000000,0.010386050000
1384005479,350.120000000000,13.677800000000
1384005486,350.120000000000,0.500000000000
1384005495,350.120000000000,0.257209890000
1384005495,350.120000000000,1.231240000000
1384005500,350.140000000000,0.495044840000
1384005536,350.150000000000,0.008382130000
1384005545,350.160000000000,0.008381890000
1384005589,350.190000000000,0.008381170000
1384005589,350.190000000000,0.008381170000
1384005607,350.230000000000,0.008380210000
1384005611,350.230000000000,0.014652010000
1384005634,350.230000000000,0.065371290000
1384005658,350.250000000000,0.495046400000
1384005658,350.260000000000,0.495046540000
1384005658,350.270000000000,0.495046680000
1384005658,350.300000000000,0.470000000000
1384005658,350.360000000000,0.495047950000
1384005658,350.360000000000,0.495047950000
1384005659,350.370000000000,0.495048090000
1384005659,350.370000000000,0.495048090000
1384005659,350.380000000000,0.495048230000
1384005659,350.380000000000,0.495048230000
1384005659,350.380000000000,0.495048230000
1384005659,350.410000000000,0.495048660000
1384005659,350.410000000000,0.495048660000
1384005659,350.410000000000,0.495048660000
1384005659,350.440000000000,0.495049080000
1384005659,350.470000000000,0.495049500000
1384005660,350.470000000000,0.495049500000
1384005660,350.500000000000,1.000000000000
1384005660,350.600000000000,0.495037080000
1384005660,350.600000000000,0.495037080000
1384005660,350.690000000000,0.495038350000
1384005660,350.690000000000,0.495038350000
1384005660,350.750000000000,0.495039200000
1384005660,350.750000000000,0.495039200000
1384005660,350.750000000000,0.495039200000
1384005661,350.750000000000,0.495039200000
1384005661,350.750000000000,0.495039200000
1384005661,350.750000000000,0.495039200000
1384005661,350.780000000000,0.008367070000
1384005661,350.850000000000,0.495040620000
1384005661,350.880000000000,0.495041040000
1384005661,350.890000000000,1.000000000000
1384005661,350.970000000000,0.068782600000
1384005661,351.000000000000,0.020000000000
1384005662,351.000000000000,3.843153600000
1384005662,351.000000000000,10.018185780000
1384005662,351.230000000000,0.495045980000
1384005662,351.250000000000,0.495046260000
1384005662,351.250000000000,0.495046260000
1384005662,351.250000000000,0.495046260000
1384005662,351.360000000000,0.495047810000
1384005662,351.360000000000,0.495047810000
1384005662,351.360000000000,0.495047810000
1384005663,351.370000000000,0.495047960000
1384005663,351.370000000000,0.495047960000
1384005663,351.380000000000,0.495048100000
1384005663,351.400000000000,0.495048380000
1384005663,351.400000000000,0.495048380000
1384005663,351.400000000000,0.495048380000
1384005663,351.410000000000,0.495048520000
1384005663,351.410000000000,0.495048520000
1384005663,351.420000000000,1.000000000000
1384005664,351.420000000000,1.000000000000
1384005664,351.880000000000,0.694423480000
1384005664,352.000000000000,20.000000000000
1384005664,352.000000000000,0.503062140000
1384005664,352.000000000000,0.020000000000
1384005664,352.000000000000,0.100000000000
1384005664,352.160000000000,0.044300000000
1384005664,352.310000000000,2.000000000000
1384005664,352.370000000000,4.645000000000
1384005664,352.490000000000,0.495049500000
1384005665,352.560000000000,0.030153180000
1384005665,352.790000000000,0.008319400000
1384005665,352.800000000000,0.008319170000
1384005665,352.960000000000,0.030034540000
1384005665,352.970000000000,0.068392900000
1384005665,352.970000000000,0.694906040000
1384005665,353.000000000000,0.050000000000
1384005665,353.000000000000,0.114700000000
1384005665,353.000000000000,0.200000000000
1384005666,353.000000000000,0.380362590000
1384005666,353.250000000000,0.100000000000
1384005666,353.420000000000,1.000000000000
1384005666,353.420000000000,1.000000000000
1384005666,353.480000000000,0.495049220000
1384005666,353.490000000000,0.495049360000
1384005666,353.490000000000,0.495049360000
1384005666,353.490000000000,0.495049360000
1384005667,353.500000000000,0.495049500000
1384005667,353.500000000000,0.495049500000
1384005667,353.540000000000,0.495035920000
1384005667,353.540000000000,0.495035920000
1384005667,353.550000000000,0.044000000000
1384005667,353.600000000000,3.000000000000
1384005667,353.630000000000,0.495037190000
1384005667,353.670000000000,0.495037750000
1384005667,353.740000000000,0.495038730000
1384005668,353.810000000000,0.460000000000
1384005668,353.830000000000,0.002882760000
1384005668,353.840000000000,1.126100000000
1384005668,354.000000000000,0.270956790000
1384005668,354.060000000000,1.000000000000
1384005668,354.100000000000,2.000000000000
1384005668,354.210000000000,0.694822070000
1384005668,354.470000000000,0.029976020000
1384005668,354.680000000000,1.483327300000
1384005668,354.800000000000,0.689386450000
1384005669,354.800000000000,0.403525120000
1384005669,354.840000000000,0.246895480000
1384005669,354.940000000000,9.500000000000
1384005669,354.940000000000,1.900000000000
1384005669,354.940000000000,1.900000000000
1384005669,354.950000000000,5.000000000000
1384005669,354.970000000000,0.068007500000
1384005669,354.990000000000,0.686813190000
1384005669,355.000000000000,5.000000000000
1384005670,355.000000000000,1.500000000000
1384005670,355.000000000000,0.042218750000
1384005670,355.000000000000,1.000000000000
1384005670,355.000000000000,0.600000000000
1384005670,355.000000000000,1.000000000000
1384005670,355.000000000000,7.290000000000
1384005670,355.000000000000,2.000000000000
1384005670,355.000000000000,10.000000000000
1384005671,355.000000000000,10.677966610000
1384005671,355.000000000000,0.500000000000
1384005671,355.000000000000,0.958982840000
1384005671,355.000000000000,2.358000000000
1384005671,355.000000000000,49.218192760000
1384005681,350.230000000000,0.411596490000
1384005681,350.230000000000,0.500565150000
1384005682,350.230000000000,0.078519820000
1384005682,350.190000000000,3.879579650000
1384005682,350.190000000000,0.008409720000
1384005682,350.160000000000,0.491618110000
1384005682,350.150000000000,1.606668560000
1384005682,350.150000000000,2.798943310000
1384005682,350.150000000000,0.008410680000
1384005682,350.140000000000,0.358013940000
1384005682,350.120000000000,0.511550110000
1384005683,350.000000000000,37.977784460000
1384005696,354.800000000000,0.043300000000
1384005697,350.250000000000,1.900000000000
1384005697,350.230000000000,0.008408750000
1384005697,350.000000000000,4.226242300000
1384005697,350.000000000000,1.000000000000
1384005697,350.000000000000,2.466258950000
1384005716,352.950000000000,0.008315630000
1384005717,352.990000000000,0.008314690000
1384005722,352.990000000000,0.124336850000
1384005723,350.250000000000,1.900000000000
1384005723,350.000000000000,2.033741050000
1384005723,350.000000000000,0.750000000000
1384005723,349.990000000000,0.129034100000
1384005723,349.790000000000,0.008419330000
1384005723,349.750000000000,0.008420300000
1384005723,349.570000000000,0.008424630000
1384005723,349.350000000000,0.008429940000
1384005724,349.310000000000,0.008430900000
1384005724,349.270000000000,0.008431870000
1384005724,349.130000000000,0.008435250000
1384005724,349.000000000000,0.147505780000
1384005733,350.250000000000,4.298700920000
1384005733,349.000000000000,0.511093170000
1384005733,349.000000000000,0.244154720000
1384005733,347.800000000000,0.008467510000
1384005734,347.610000000000,0.044300000000
1384005734,347.610000000000,1.158443680000
1384005761,350.260000000000,1.853537370000
1384005761,347.620000000000,3.079000000000
1384005761,347.610000000000,0.741556320000
1384005762,347.610000000000,1.900000000000
1384005762,347.610000000000,1.900000000000
1384005762,347.610000000000,1.900000000000
1384005762,347.610000000000,5.746046310000
1384005768,350.580000000000,0.008371850000
1384005786,351.920000000000,0.008339970000
1384005799,351.920000000000,0.491660030000
1384005799,350.580000000000,0.559829420000
1384005799,350.260000000000,0.008408030000
1384005799,349.380000000000,0.008429210000
1384005799,347.630000000000,0.341393310000
1384005812,352.020000000000,0.044300000000
1384005821,352.060000000000,0.008336650000
1384005821,352.100000000000,0.008335710000
1384005821,352.140000000000,0.008334760000
1384005821,352.370000000000,0.008329320000
1384005822,352.550000000000,0.008325070000
1384005822,352.590000000000,0.008324120000
1384005822,353.000000000000,2.103814370000
1384005842,352.180000000000,0.008333810000
1384005865,353.000000000000,0.014107650000
1384005870,353.000000000000,0.010000000000
1384005891,353.000000000000,0.872077980000
1384005891,353.000000000000,0.500000000000
1384005891,353.030000000000,0.008313750000
1384005891,353.060000000000,0.008313040000
1384005891,353.900000000000,0.089285710000
1384005891,354.000000000000,0.564000520000
1384005896,354.000000000000,0.435999480000
1384005896,354.000000000000,1.628990520000
1384005898,354.000000000000,0.621553670000
1384005932,354.000000000000,0.500000000000
1384005932,352.800000000000,0.035266190000
1384005932,352.800000000000,0.008347500000
1384005932,352.800000000000,0.008347500000
1384005940,352.750000000000,6.448038810000
1384005940,354.000000000000,0.090000000000
1384005940,354.790000000000,5.000000000000
1384005940,354.790000000000,1.853537370000
1384005940,354.800000000000,0.420677620000
1384005941,354.800000000000,0.059342120000
1384005941,354.800000000000,0.056375270000
1384005941,354.800000000000,0.053874290000
1384005941,354.890000000000,12.078489500000
1384005941,355.000000000000,0.781807240000
1384005941,355.000000000000,19.791013490000
1384005941,355.000000000000,0.750000000000
1384005944,355.100000000000,0.100100000000
1384005967,355.100000000000,0.500000000000
1384005976,355.100000000000,0.399900000000
1384005976,355.100000000000,0.236327790000
1384005992,354.000000000000,0.090000000000
1384005997,355.000000000000,0.100400000000
1384006003,354.000000000000,1.097146890000
1384006011,354.000000000000,0.902853110000
1384006011,354.000000000000,0.090000000000
1384006025,354.990000000000,0.089900000000
1384006026,354.990000000000,0.254206390000
1384006028,354.990000000000,0.155893610000
1384006035,354.000000000000,0.300000000000
1384006051,354.000000000000,0.538559320000
1384006051,352.600000000000,0.043300000000
1384006052,352.020000000000,1.418140680000
1384006064,354.970000000000,0.112263010000
1384006065,354.970000000000,0.250000000000
1384006066,352.030000000000,1.558606690000
1384006066,352.020000000000,0.441393310000
1384006085,354.000000000000,0.500000000000
1384006145,354.000000000000,0.500000000000
1384006206,354.000000000000,0.500000000000
1384006206,354.000000000000,0.650820600000
1384006218,354.000000000000,13.849179400000
1384006224,354.000000000000,1.120877100000
1384006239,353.980000000000,0.025312160000
1384006243,353.980000000000,0.952850440000
1384006249,353.410000000000,0.188600000000
1384006253,353.980000000000,1.413425100000
1384006253,354.960000000000,1.000000000000
1384006253,354.970000000000,0.258474900000
1384006264,354.960000000000,0.188600000000
1384006265,354.970000000000,1.217152600000
1384006283,354.970000000000,2.980000000000
1384006292,354.970000000000,40.276215880000
1384006305,354.970000000000,3.421980000000
1384006306,355.000000000000,0.084084510000
1384006308,354.970000000000,0.684399830000
1384006308,354.960000000000,0.500000000000
1384006311,354.950000000000,3.515600170000
1384006325,355.000000000000,0.015515490000
1384006325,355.000000000000,1.600000000000
1384006326,355.000000000000,1.000000000000
1384006327,355.000000000000,0.890146480000
1384006327,355.000000000000,0.500000000000
1384006327,354.950000000000,9.464923520000
1384006332,354.950000000000,10.000000000000
1384006334,354.950000000000,11.133443890000
1384006343,354.950000000000,6.081750130000
1384006345,354.000000000000,3.948810820000
1384006345,355.100000000000,0.510670000000
1384006345,355.100000000000,0.027452440000
1384006355,353.400000000000,0.013131000000
1384006359,355.100000000000,4.034920690000
1384006386,355.120000000000,0.500000000000
1384006386,355.120000000000,0.713214000000
1384006404,355.120000000000,2.900800000000
1384006411,355.120000000000,0.460158110000
1384006411,355.100000000000,0.526498630000
1384006417,355.000000000000,0.100400000000
1384006448,353.510000000000,1.782523830000
1384006448,353.500000000000,1.170996170000
1384006449,355.000000000000,0.500000000000
1384006487,353.500000000000,0.029003830000
1384006488,353.500000000000,4.673438100000
1384006488,355.000000000000,3.721040770000
1384006497,355.000000000000,0.766760560000
1384006504,355.000000000000,0.500000000000
1384006518,355.000000000000,3.425141930000
1384006518,355.000000000000,1.000000000000
1384006538,355.420000000000,1.000000000000
1384006540,355.420000000000,0.113724600000
1384006553,355.300000000000,7.201981000000
1384006557,355.000000000000,3.263430000000
1384006568,355.000000000000,0.652682680000
1384006584,353.430000000000,0.419903750000
1384006590,355.000000000000,1.956197180000
1384006593,355.000000000000,0.500000000000
1384006600,354.900000000000,0.100000000000
1384006602,355.000000000000,0.100400000000
1384006620,355.000000000000,0.971492960000
1384006633,354.900000000000,1.542900000000
1384006633,354.900000000000,11.579628060000
1384006646,354.900000000000,0.500000000000
1384006662,354.900000000000,0.920371940000
1384006662,355.000000000000,2.079628060000
1384006678,355.000000000000,3.077746470000
1384006678,355.000000000000,0.661852650000
1384006678,355.000000000000,0.063252500000
1384006678,355.000000000000,9.936747500000
1384006680,355.300000000000,2.684294400000
1384006681,355.430000000000,0.028800000000
1384006681,355.440000000000,0.495048390000
1384006681,355.500000000000,0.247002180000
1384006681,355.550000000000,2.637500870000
1384006682,355.000000000000,20.000000000000
1384006698,355.000000000000,1.666670000000
1384006710,354.010000000000,1.900000000000
1384006710,353.450000000000,0.917635190000
1384006710,353.430000000000,9.580096250000
1384006711,353.000000000000,4.000000000000
1384006715,352.250000000000,0.026800000000
1384006715,352.210000000000,0.030512000000
1384006729,352.220000000000,0.931945940000
1384006729,352.210000000000,0.969488000000
1384006729,352.020000000000,23.147194630000
1384006730,353.000000000000,18.222230000000
1384006730,353.000000000000,18.191160230000
1384006744,355.550000000000,0.500000000000
1384006747,355.550000000000,0.100000000000
1384006754,355.620000000000,0.008253200000
1384006754,355.620000000000,0.008253200000
1384006755,355.620000000000,0.994572840000
1384006764,355.550000000000,1.009025250000
1384006772,355.610000000000,1.719896930000
1384006776,355.610000000000,1.000000000000
1384006781,355.900000000000,1.332958690000
1384006781,355.610000000000,0.674191310000
1384006783,355.610000000000,1.884060000000
1384006784,355.970000000000,0.100000000000
1384006795,355.970000000000,1.613009520000
1384006795,355.610000000000,7.250810480000
1384006804,355.610000000000,1.344170000000
1384006805,355.970000000000,0.028120700000
1384006806,355.970000000000,0.500000000000
1384006807,355.610000000000,13.591540000000
1384006812,355.610000000000,1.374143460000
1384006812,355.550000000000,2.252583530000
1384006812,355.550000000000,0.008282940000
1384006820,355.550000000000,5.602671920000
1384006831,355.970000000000,0.491909060000
1384006832,356.000000000000,0.100000000000
1384006832,356.000000000000,9.408090940000
1384006846,356.000000000000,5.591909060000
1384006866,356.120000000000,0.500000000000
1384006881,356.000000000000,3.000000000000
1384006885,356.000000000000,13.820950000000
1384006890,355.600000000000,2.500000000000
1384006893,355.600000000000,0.900000000000
1384006908,356.120000000000,0.713244000000
1384006908,356.200000000000,1.000000000000
1384006908,356.200000000000,0.100000000000
1384006908,356.480000000000,5.354375040000
1384006909,355.460000000000,0.003233870000
1384006926,355.460000000000,0.500000000000
1384006927,355.460000000000,0.413323580000
1384006927,355.460000000000,0.167951390000
1384006931,355.460000000000,0.012012600000
1384006948,355.460000000000,1.000000000000
1384006986,355.460000000000,0.500000000000
1384006996,355.460000000000,0.381594210000
1384006996,356.480000000000,0.498705790000
1384007022,355.120000000000,1.010000000000
1384007022,354.660000000000,0.008303720000
1384007022,353.010000000000,1.900000000000
1384007022,353.010000000000,1.900000000000
1384007023,353.000000000000,13.341954670000
1384007023,352.100000000000,0.656651610000
1384007024,356.480000000000,0.997166740000
1384007044,356.000000000000,0.500000000000
1384007050,353.010000000000,3.800000000000
1384007050,353.010000000000,1.900000000000
1384007055,352.110000000000,0.085000000000
1384007065,353.010000000000,0.600000000000
1384007072,353.010000000000,2.365587000000
1384007082,353.010000000000,11.334413000000
1384007086,355.880000000000,0.027958860000
1384007105,355.880000000000,0.500000000000
1384007143,353.150000000000,0.020536850000
1384007164,355.870000000000,0.085000000000
1384007180,355.880000000000,0.200000000000
1384007182,355.870000000000,21.790298710000
1384007192,355.880000000000,0.200000000000
1384007197,355.880000000000,0.072041140000
1384007203,355.880000000000,0.067893670000
1384007205,355.870000000000,10.000000000000
1384007206,355.880000000000,0.588757940000
1384007224,355.880000000000,1.546242060000
1384007224,355.870000000000,0.453757940000
1384007225,355.990000000000,0.500000000000
1384007230,355.990000000000,0.999444940000
1384007276,356.480000000000,3.149752430000
1384007276,356.660000000000,0.026800000000
1384007276,356.730000000000,0.008610410000
1384007276,356.970000000000,0.067626500000
1384007276,357.000000000000,0.400000000000
1384007276,357.000000000000,0.244154720000
1384007276,357.030000000000,0.043300000000
1384007276,357.120000000000,1.213214000000
1384007276,357.220000000000,0.500000000000
1384007277,357.230000000000,0.043600000000
1384007277,357.270000000000,0.036020180000
1384007277,357.340000000000,0.460000000000
1384007277,357.410000000000,0.763948420000
1384007277,357.420000000000,1.000000000000
1384007277,357.500000000000,0.008209800000
1384007277,357.530000000000,3.800000000000
1384007277,357.530000000000,0.400555060000
1384007277,357.530000000000,1.900000000000
1384007278,357.540000000000,0.495049500000
1384007278,357.540000000000,0.495049500000
1384007278,357.540000000000,0.495049500000
1384007278,357.540000000000,0.495049500000
1384007278,357.620000000000,4.645000000000
1384007278,357.770000000000,0.500000000000
1384007278,357.770000000000,14.904800480000
1384007285,357.770000000000,0.500000000000
1384007288,357.770000000000,2.791262540000
1384007301,357.770000000000,6.803936980000
1384007301,357.800000000000,0.500000000000
1384007302,357.900000000000,0.814867760000
1384007302,358.000000000000,1.000000000000
1384007302,358.120000000000,1.213214450000
1384007302,358.390000000000,0.008189410000
1384007302,358.450000000000,0.495048120000
1384007302,358.510000000000,0.495048950000
1384007302,358.540000000000,0.495049370000
1384007302,358.550000000000,0.495049500000
1384007302,358.550000000000,0.495049500000
1384007303,358.550000000000,0.495049500000
1384007303,358.550000000000,0.495049500000
1384007303,358.660000000000,0.495037080000
1384007303,358.680000000000,0.495037360000
1384007303,358.700000000000,3.000000000000
1384007303,358.900000000000,0.100000000000
1384007303,358.970000000000,0.067249700000
1384007303,358.990000000000,1.000000000000
1384007303,359.000000000000,0.291361640000
1384007303,359.000000000000,0.505705280000
1384007304,359.010000000000,25.000000000000
1384007304,359.020000000000,0.495042060000
1384007304,359.020000000000,0.495042060000
1384007304,359.100000000000,1.958568380000
1384007304,359.110000000000,0.495043300000
1384007304,359.120000000000,1.213214400000
1384007304,359.230000000000,0.043300000000
1384007304,359.330000000000,0.029649840000
1384007304,359.340000000000,0.679468250000
1384007305,359.420000000000,1.000000000000
1384007305,359.430000000000,0.495047710000
1384007305,359.440000000000,0.495047850000
1384007305,359.500000000000,10.000000000000
1384007305,359.530000000000,0.495049090000
1384007305,359.550000000000,0.495049370000
1384007305,359.560000000000,0.495049500000
1384007305,359.570000000000,0.030229340000
1384007305,359.590000000000,0.050000000000
1384007305,359.640000000000,0.007190000000
1384007306,359.690000000000,0.495037390000
1384007306,359.740000000000,0.591000000000
1384007306,359.740000000000,0.050000000000
1384007306,359.750000000000,11.800000000000
1384007306,359.890000000000,10.000000000000
1384007306,359.940000000000,0.029453350000
1384007306,359.940000000000,1.402574010000
1384007309,359.940000000000,2.397425990000
1384007309,359.940000000000,3.800000000000
1384007309,359.940000000000,1.900000000000
1384007309,359.950000000000,5.000000000000
1384007309,359.950000000000,0.090000000000
1384007309,359.960000000000,0.143202560000
1384007309,359.990000000000,0.500000000000
1384007309,359.990000000000,0.980426510000
1384007309,360.000000000000,50.000000000000
1384007309,360.000000000000,0.100000000000
1384007310,360.000000000000,0.550000000000
1384007310,360.000000000000,0.050000000000
1384007310,360.000000000000,10.000000000000
1384007310,360.000000000000,5.000000000000
1384007310,360.000000000000,2.000000000000
1384007310,360.000000000000,5.000000000000
1384007310,360.000000000000,0.200000000000
1384007310,360.000000000000,5.476550000000
1384007310,360.000000000000,3.000000000000
1384007310,360.000000000000,2.000000000000
1384007311,360.000000000000,1.000000000000
1384007311,360.000000000000,0.762394940000
1384007319,357.770000000000,2.000000000000
1384007345,360.000000000000,0.500000000000
1384007350,360.000000000000,5.014138800000
1384007350,360.000000000000,0.010000000000
1384007350,360.000000000000,1.000000000000
1384007350,360.000000000000,11.275861200000
1384007350,360.000000000000,1.248166670000
1384007364,359.990000000000,30.000000000000
1384007364,359.990000000000,30.000000000000
1384007378,359.800000000000,1.110000000000
1384007381,359.800000000000,1.267454140000
1384007383,359.800000000000,0.622545860000
1384007383,359.990000000000,2.690620800000
1384007384,359.640000000000,0.026400000000
1384007385,359.000000000000,2.008830080000
1384007385,357.770000000000,19.964769920000
1384007389,357.770000000000,16.977148070000
1384007400,357.770000000000,1.004000000000
1384007402,357.770000000000,0.464264750000
1384007405,357.770000000000,4.000000000000
1384007407,357.770000000000,0.500000000000
1384007414,357.770000000000,1.800000000000
1384007419,357.770000000000,0.003354110000
1384007433,357.770000000000,0.813169040000
1384007442,357.770000000000,1.941050190000
1384007442,359.480000000000,3.000000000000
1384007442,359.500000000000,2.345000000000
1384007442,359.950000000000,4.999628690000
1384007442,359.990000000000,7.718821120000
1384007448,357.430000000000,1.808270150000
1384007449,357.430000000000,1.649675060000
1384007465,359.000000000000,0.500000000000
1384007471,357.440000000000,0.906138090000
1384007471,357.420000000000,0.026500000000
1384007471,356.480000000000,0.008261330000
1384007473,356.000000000000,0.388412260000
1384007482,356.000000000000,1.000000000000
1384007491,356.000000000000,8.799831460000
1384007494,356.000000000000,1.213856860000
1384007494,359.000000000000,9.500000000000
1384007494,359.000000000000,2.000000000000
1384007494,359.990000000000,0.973713790000
1384007494,359.990000000000,1.649675060000
1384007494,359.990000000000,3.110144290000
1384007499,359.990000000000,0.125690260000
1384007499,360.000000000000,0.885859740000
1384007500,359.990000000000,0.832134230000
1384007502,358.990000000000,2.174865770000
1384007502,360.000000000000,16.559114230000
1384007511,359.970000000000,0.091174260000
1384007524,357.050000000000,0.026400000000
1384007525,357.050000000000,0.183739230000
1384007525,359.960000000000,0.316260770000
1384007530,359.960000000000,0.940410050000
1384007544,359.960000000000,1.457737420000
1384007544,359.990000000000,1.000000000000
1384007544,359.990000000000,0.342262580000
1384007566,357.070000000000,0.100000000000
1384007585,359.320000000000,0.100000000000
1384007585,359.330000000000,0.008167980000
1384007597,359.980000000000,4.000000000000
1384007597,359.990000000000,8.457568880000
1384007606,360.000000000000,0.100000000000
1384007612,359.990000000000,5.000000000000
1384007614,359.990000000000,1.395232590000
1384007615,359.330000000000,0.391832020000
1384007615,357.110000000000,0.880255390000
1384007646,360.000000000000,0.500000000000
1384007662,360.000000000000,0.027638890000
1384007667,359.330000000000,5.000000000000
1384007672,359.330000000000,1.394066560000
1384007673,360.000000000000,7.739472220000
1384007677,359.330000000000,0.027900000000
1384007679,359.330000000000,0.025312160000
1384007706,359.880000000000,0.500000000000
1384007714,359.330000000000,1.340000000000
1384007715,359.880000000000,1.604590420000
1384007719,359.330000000000,1.000000000000
1384007721,359.330000000000,2.012721280000
1384007721,357.500000000000,1.614548720000
1384007725,359.880000000000,0.400000000000
1384007734,359.670000000000,1.000000000000
1384007736,359.670000000000,1.000000000000
1384007743,359.670000000000,4.470000000000
1384007744,359.880000000000,0.995409580000
1384007744,360.000000000000,61.663887050000
1384007744,360.000000000000,2.000000000000
1384007744,360.000000000000,1.000000000000
1384007744,360.000000000000,0.100000000000
1384007744,360.000000000000,0.043275360000
1384007744,360.000000000000,0.500000000000
1384007744,360.000000000000,1.184438010000
1384007744,360.000000000000,1.000000000000
1384007749,360.000000000000,1.000000000000
1384007754,359.900000000000,1.000000000000
1384007758,359.900000000000,14.000000000000
1384007758,360.000000000000,6.815561990000
1384007759,360.000000000000,5.000000000000
1384007759,360.000000000000,0.400000000000
1384007759,360.000000000000,10.000000000000
1384007759,360.000000000000,6.212076890000
1384007761,360.000000000000,1.000000000000
1384007766,360.000000000000,1.000000000000
1384007766,360.000000000000,0.500000000000
1384007768,360.000000000000,0.003888880000
1384007771,360.000000000000,1.000000000000
1384007776,360.000000000000,4.000000000000
1384007776,360.000000000000,1.000000000000
1384007776,360.000000000000,0.055277780000
1384007781,360.000000000000,1.000000000000
1384007783,360.000000000000,0.978972220000
1384007785,360.000000000000,1.000000000000
1384007792,360.000000000000,1.000000000000
1384007795,360.000000000000,3.067888880000
1384007799,360.000000000000,4.305888880000
1384007801,358.900000000000,1.489070000000
1384007823,359.990000000000,0.100000000000
1384007823,360.000000000000,0.900000000000
1384007825,360.000000000000,1.000000000000
1384007827,360.000000000000,76.774128530000
1384007828,360.000000000000,4.000000000000
1384007828,360.000000000000,0.500000000000
1384007828,360.000000000000,2.000000000000
1384007828,360.120000000000,0.189711470000
1384007829,358.900000000000,1.111340000000
1384007834,360.000000000000,1.000000000000
1384007834,358.900000000000,1.222701110000
1384007834,358.130000000000,5.081958890000
1384007835,360.000000000000,1.000000000000
1384007840,360.120000000000,1.023501930000
1384007850,360.120000000000,5.794480460000
1384007852,360.370000000000,0.029619100000
1384007852,360.400000000000,0.680473380000
1384007852,360.400000000000,0.289907520000
1384007855,360.120000000000,5.568754850000
1384007856,360.120000000000,0.469898920000
1384007856,360.000000000000,1.000000000000
1384007856,360.000000000000,1.000000000000
1384007856,359.000000000000,1.430746230000
1384007857,360.400000000000,0.386722280000
1384007857,360.800000000000,0.211632770000
1384007857,360.840000000000,0.401644950000
1384007869,360.840000000000,0.702355050000
1384007869,360.920000000000,0.450000000000
1384007869,361.120000000000,1.231240000000
1384007869,361.350000000000,0.495046350000
1384007869,361.350000000000,0.495046350000
1384007869,361.540000000000,0.026400000000
1384007869,361.890000000000,0.026500000000
1384007870,361.970000000000,0.066692300000
1384007870,361.980000000000,1.000000000000
1384007870,362.000000000000,0.129034100000
1384007870,362.120000000000,1.121330000000
1384007870,362.420000000000,3.000000000000
1384007870,362.590000000000,0.495049500000
1384007870,362.930000000000,0.495040370000
1384007870,362.950000000000,4.638000000000
1384007870,363.120000000000,1.232144000000
1384007871,363.300000000000,5.000000000000
1384007871,363.340000000000,0.181000000000
1384007871,363.400000000000,0.029231220000
1384007871,363.430000000000,0.672731000000
1384007871,363.430000000000,36.182173970000
1384007871,363.480000000000,0.495047870000
1384007871,363.560000000000,0.495048960000
1384007871,363.600000000000,0.495049500000
1384007871,363.600000000000,0.495049500000
1384007871,363.600000000000,0.495049500000
1384007872,363.630000000000,2.000000000000
1384007872,363.650000000000,6.312200460000
1384007880,360.400000000000,0.338587000000
1384007884,360.400000000000,1.029250000000
1384007886,363.290000000000,1.314209450000
1384007886,363.290000000000,0.500000000000
1384007895,363.420000000000,1.900000000000
1384007895,363.650000000000,1.311830000000
1384007914,363.600000000000,9.978972220000
1384007914,363.650000000000,4.317767780000
1384007921,363.650000000000,28.816279390000
1384007936,360.410000000000,1.797147690000
1384007936,360.410000000000,8.867142310000
1384007943,360.410000000000,2.122410000000
1384007948,360.410000000000,0.010447690000
1384007948,360.410000000000,0.008171240000
1384007950,360.400000000000,0.827263000000
1384007950,360.390000000000,0.008171700000
1384007950,360.370000000000,0.008172150000
1384007950,360.350000000000,0.008172600000
1384007950,360.330000000000,0.008173060000
1384007951,360.300000000000,0.008173740000
1384007951,360.280000000000,0.008174190000
1384007951,360.260000000000,0.008174650000
1384007951,360.230000000000,0.008175330000
1384007951,360.200000000000,0.008176010000
1384007951,360.170000000000,0.008176690000
1384007951,360.150000000000,0.008177140000
1384007951,360.120000000000,0.008177820000
1384007951,360.110000000000,0.879261920000
1384007953,360.410000000000,1.581381070000
1384007953,363.500000000000,9.603158130000
1384007958,360.310000000000,0.661300000000
1384007963,360.310000000000,0.004590420000
1384007968,360.310000000000,1.769531790000
1384007968,360.090000000000,0.547988210000
1384007981,363.000000000000,10.995096420000
1384007988,362.990000000000,0.054380170000
1384008007,362.990000000000,0.142970520000
1384008007,362.990000000000,0.357029480000
1384008008,360.100000000000,1.900000000000
1384008008,360.090000000000,0.360756830000
1384008008,360.080000000000,0.008178730000
1384008008,360.050000000000,0.008179410000
1384008008,360.010000000000,0.008180320000
1384008008,360.010000000000,1.900000000000
1384008009,360.000000000000,0.100000000000
1384008009,360.000000000000,11.738084710000
1384008010,362.990000000000,1.440118210000
1384008020,362.990000000000,0.024601220000
1384008034,360.100000000000,1.000000000000
1384008034,360.000000000000,2.632160000000
1384008044,360.110000000000,0.100000000000
1384008051,360.110000000000,0.188159060000
1384008066,362.870000000000,0.022532610000
1384008072,362.870000000000,0.477467390000
1384008072,360.040000000000,1.690392410000
1384008072,360.030000000000,0.515470200000
1384008095,360.030000000000,11.484529800000
1384008095,360.000000000000,10.629755290000
1384008095,360.000000000000,28.000000000000
1384008095,360.000000000000,0.890000000000
1384008095,360.000000000000,0.428250000000
1384008095,360.000000000000,1.000000000000
1384008096,359.970000000000,0.008181230000
1384008096,359.930000000000,0.008182140000
1384008096,359.890000000000,0.008183050000
1384008096,359.840000000000,0.008184190000
1384008096,359.790000000000,0.008185330000
1384008096,359.740000000000,0.008186460000
1384008096,359.680000000000,0.008187830000
1384008096,359.610000000000,0.008189420000
1384008096,359.530000000000,0.008191240000
1384008097,359.450000000000,0.008193070000
1384008097,359.350000000000,0.008195350000
1384008097,359.230000000000,0.008198090000
1384008097,359.230000000000,0.026100000000
1384008097,359.220000000000,0.026100000000
1384008097,359.150000000000,10.000000000000
1384008097,359.080000000000,0.008201510000
1384008097,359.000000000000,8.569253770000
1384008097,359.000000000000,0.240501390000
1384008097,359.000000000000,4.000000000000
1384008098,358.890000000000,0.008205850000
1384008098,358.610000000000,0.008212260000
1384008098,358.030000000000,10.148082730000
1384008126,362.490000000000,0.500000000000
1384008127,362.490000000000,0.200000000000
1384008137,360.000000000000,1.000000000000
1384008137,360.000000000000,0.040200000000
1384008177,360.000000000000,3.692690000000
1384008186,360.000000000000,0.500000000000
1384008193,360.000000000000,0.238543020000
1384008200,362.480000000000,0.018423810000
1384008200,362.490000000000,1.306576190000
1384008206,359.730000000000,0.853355800000
1384008206,359.730000000000,1.355127460000
1384008207,359.720000000000,0.143834090000
1384008207,359.430000000000,2.500000000000
1384008207,358.900000000000,0.026400000000
1384008207,358.870000000000,0.026100000000
1384008207,358.710000000000,5.700000000000
1384008207,358.700000000000,10.445190960000
1384008207,358.660000000000,10.000000000000
1384008207,358.650000000000,41.150000000000
1384008207,358.080000000000,11.549871690000
1384008219,358.720000000000,0.065000000000
1384008232,360.000000000000,17.691850000000
1384008243,359.990000000000,1.647539790000
1384008243,360.000000000000,2.999325210000
1384008303,360.000000000000,0.138194440000
1384008314,360.000000000000,0.312500000000
1384008326,359.990000000000,0.049514760000
1384008337,359.990000000000,0.152059780000
1384008365,360.000000000000,0.258030350000
1384008368,360.000000000000,0.241969650000
1384008368,359.990000000000,1.003889670000
1384008426,361.480000000000,0.008119400000
1384008429,361.760000000000,0.008113120000
1384008436,361.950000000000,0.008108860000
1384008436,362.100000000000,0.008105500000
1384008436,362.220000000000,0.008102820000
1384008436,362.330000000000,0.008100360000
1384008436,362.410000000000,0.008098570000
1384008436,362.450000000000,0.059883890000
1384008458,361.950000000000,0.468200000000
1384008465,361.950000000000,0.000055250000
1384008465,361.950000000000,0.008136480000
1384008465,361.850000000000,0.137487910000
1384008480,361.850000000000,0.322520360000
1384008485,362.430000000000,0.016610100000
1384008485,362.430000000000,0.500000000000
1384008486,361.850000000000,2.000000000000
1384008493,361.850000000000,0.289400000000
1384008512,361.850000000000,0.066573040000
1384008530,361.850000000000,19.000000000000
1384008545,362.420000000000,0.500000000000
1384008553,361.850000000000,1.551600000000
1384008559,362.400000000000,4.776458850000
1384008574,362.400000000000,3.494484850000
1384008574,361.850000000000,4.499915150000
1384008590,362.400000000000,0.724389840000
1384008595,362.400000000000,0.621970000000
1384008605,362.410000000000,0.500000000000
1384008611,362.400000000000,1.126400000000
1384008623,362.400000000000,0.109782040000
1384008640,362.410000000000,0.855127460000
1384008641,362.410000000000,1.011300910000
1384008646,362.410000000000,18.127479920000
1384008646,362.400000000000,1.987458120000
1384008646,362.400000000000,2.885061960000
1384008646,362.400000000000,0.296702570000
1384008651,362.400000000000,1.797337220000
1384008653,362.400000000000,0.100000000000
1384008656,362.400000000000,0.620745000000
1384008656,362.400000000000,0.352453240000
1384008658,362.400000000000,19.002942840000
1384008658,361.850000000000,10.949485720000
1384008666,362.420000000000,0.500000000000
1384008693,361.850000000000,0.224430180000
1384008714,362.490000000000,0.008096780000
1384008714,362.490000000000,0.141902820000
1384008716,361.850000000000,0.621700000000
1384008719,362.490000000000,0.919472390000
1384008719,362.560000000000,0.008095220000
1384008719,362.620000000000,0.008093880000
1384008720,362.670000000000,0.008092760000
1384008720,362.690000000000,3.800000000000
1384008720,362.720000000000,0.008091650000
1384008720,362.740000000000,4.646865000000
1384008720,362.770000000000,0.008090530000
1384008720,362.800000000000,10.855960420000
1384008731,362.670000000000,0.500000000000
1384008731,361.950000000000,1.000000000000
1384008731,361.850000000000,5.014875760000
1384008731,361.850000000000,4.193229230000
1384008731,361.800000000000,0.008139850000
1384008731,361.760000000000,1.053945160000
1384008750,361.760000000000,1.143161210000
1384008750,361.760000000000,0.008140750000
1384008750,361.650000000000,0.008143230000
1384008750,361.510000000000,0.008146380000
1384008750,361.500000000000,0.500000000000
1384008750,361.480000000000,0.491880600000
1384008750,361.350000000000,0.008149990000
1384008750,361.200000000000,0.008153370000
1384008750,361.050000000000,0.008156760000
1384008750,360.030000000000,11.872705050000
1384008751,360.000000000000,0.500000000000
1384008751,359.990000000000,5.043362660000
1384008786,362.150000000000,0.500000000000
1384008798,362.660000000000,0.189561130000
1384008802,362.790000000000,0.154127880000
1384008802,362.790000000000,5.000000000000
1384008802,362.800000000000,21.600372120000
1384008808,362.660000000000,0.019008880000
1384008820,361.580000000000,0.008144800000
1384008823,361.580000000000,1.188955690000
1384008834,362.790000000000,0.008145000000
1384008845,362.790000000000,0.248765240000
1384008847,362.800000000000,0.500000000000
1384008852,362.790000000000,0.026582970000
1384008857,362.790000000000,0.248765240000
1384008862,362.790000000000,0.010611550000
1384008864,362.790000000000,2.837432650000
1384008869,362.410000000000,3.811044310000
1384008869,362.410000000000,1.000000000000
1384008869,361.400000000000,0.008148860000
1384008869,361.230000000000,0.008152700000
1384008869,361.040000000000,0.008156990000
1384008869,360.860000000000,0.008161050000
1384008869,360.120000000000,0.857242380000
1384008870,360.110000000000,2.570037410000
1384008906,362.000000000000,0.040000000000
1384008920,362.210000000000,0.285856270000
1384008955,362.000000000000,0.460000000000
1384008962,362.210000000000,0.335159730000
1384008984,362.770000000000,0.697742540000
1384008984,362.780000000000,0.248765240000
1384008984,362.780000000000,0.200000000000
1384008984,362.790000000000,4.162567350000
1384008984,362.790000000000,0.190928870000
1384009015,362.210000000000,0.621969000000
1384009025,362.790000000000,0.057823880000
1384009030,362.810000000000,0.008089640000
1384009030,362.850000000000,0.008088750000
1384009030,362.870000000000,0.131834280000
1384009030,362.880000000000,2.000000000000
1384009031,362.890000000000,0.008087860000
1384009031,362.930000000000,0.008086960000
1384009031,362.940000000000,0.250000000000
1384009031,362.960000000000,1.300000000000
1384009031,362.960000000000,0.008086300000
1384009031,362.960000000000,20.386625750000
1384009031,363.000000000000,27.059970980000
1384009042,362.790000000000,0.442176120000
1384009042,362.210000000000,5.294493250000
1384009042,360.160000000000,0.731664660000
1384009042,360.150000000000,2.508815770000
1384009042,360.000000000000,0.527090200000
1384009051,360.000000000000,3.160246590000
1384009059,362.790000000000,0.008117640000
1384009074,362.570000000000,0.008122560000
1384009075,362.340000000000,0.008127720000
1384009075,362.110000000000,0.008132880000
1384009075,361.880000000000,0.008138050000
1384009085,361.850000000000,0.500000000000
1384009093,360.010000000000,1.357128970000
1384009093,360.010000000000,1.442540020000
1384009094,360.010000000000,1.894426640000
1384009094,360.000000000000,13.208584370000
1384009126,360.020000000000,0.388412260000
1384009145,361.690000000000,0.500000000000
1384009150,361.690000000000,1.538168040000
1384009172,360.020000000000,0.668657300000
1384009172,360.010000000000,10.728542700000
1384009205,361.680000000000,0.500000000000
1384009224,361.670000000000,0.218805410000
1384009224,361.690000000000,0.461831960000
1384009224,361.850000000000,0.089752790000
1384009224,362.020000000000,0.024383000000
1384009224,362.750000000000,0.209226840000
1384009246,360.030000000000,1.003863150000
1384009246,360.020000000000,98.996136850000
1384009257,362.750000000000,1.746712610000
1384009259,362.750000000000,0.279073660000
1384009259,362.750000000000,0.697113530000
1384009266,362.790000000000,0.183026020000
1384009272,362.790000000000,0.316973980000
1384009272,362.750000000000,1.160396020000
1384009296,362.900000000000,0.161284100000
1384009297,362.750000000000,0.100000000000
1384009303,362.890000000000,0.099802650000
1384009303,362.900000000000,1.664094820000
1384009303,362.900000000000,1.297359070000
1384009305,362.750000000000,0.100000000000
1384009312,362.750000000000,0.100000000000
1384009314,362.750000000000,0.312445050000
1384009314,360.100000000000,0.312374950000
1384009325,362.390000000000,0.100000000000
1384009326,362.390000000000,0.100000000000
1384009333,362.390000000000,0.100000000000
1384009337,362.890000000000,0.602640930000
1384009340,362.890000000000,0.100000000000
1384009343,362.900000000000,0.493827500000
1384009343,362.890000000000,0.033370990000
1384009343,362.390000000000,0.200000000000
1384009343,360.110000000000,0.843362630000
1384009343,360.100000000000,0.867625050000
1384009343,360.040000000000,10.000000000000
1384009343,360.030000000000,10.000000000000
1384009343,360.020000000000,61.003863150000
1384009343,360.010000000000,72.375156240000
1384009344,360.000000000000,9.525000000000
1384009344,360.000000000000,0.500000000000
1384009344,359.800000000000,0.994146070000
1384009344,359.740000000000,2.500000000000
1384009344,359.480000000000,0.500000000000
1384009344,359.420000000000,1.077865450000
1384009344,359.000000000000,1.990000000000
1384009344,358.520000000000,0.026400000000
1384009344,358.120000000000,5.877610850000
1384009345,358.020000000000,3.335232660000
1384009345,358.010000000000,20.131109060000
1384009345,358.000000000000,1.454972060000
1384009345,358.000000000000,9.775548290000
1384009347,358.100000000000,1.105490000000
1384009352,358.100000000000,4.159830000000
1384009354,358.110000000000,0.100000000000
1384009359,358.110000000000,1.267177680000
1384009359,358.100000000000,1.366043000000
1384009359,358.000000000000,0.224451710000
1384009359,358.000000000000,0.243100550000
1384009359,356.700000000000,0.026400000000
1384009360,356.030000000000,0.372827060000
1384009375,362.390000000000,0.100000000000
1384009375,362.390000000000,0.100000000000
1384009376,362.390000000000,0.113938020000
1384009382,360.920000000000,0.398506980000
1384009387,361.220000000000,0.026400000000
1384009418,361.220000000000,0.473600000000
1384009426,361.000000000000,0.023092000000
1384009432,360.920000000000,0.100000000000
1384009444,361.000000000000,0.500000000000
1384009446,360.920000000000,0.100000000000
1384009461,360.990000000000,0.036955050000
1384009462,360.920000000000,0.481741100000
1384009488,360.000000000000,1.000000000000
1384009488,360.440000000000,1.900000000000
1384009489,360.440000000000,1.639219200000
1384009489,360.450000000000,0.113385800000
1384009505,360.000000000000,0.500000000000
1384009516,359.000000000000,2.356282000000
1384009524,358.190000000000,0.026400000000
1384009525,358.190000000000,0.689271060000
1384009525,358.180000000000,0.026300000000
1384009525,358.180000000000,5.226589980000
1384009525,358.170000000000,0.026200000000
1384009525,356.500000000000,1.000000000000
1384009525,356.050000000000,0.980426510000
1384009525,356.040000000000,0.370000000000
1384009525,356.010000000000,11.917574300000
1384009528,356.010000000000,1.000000000000
1384009545,358.000000000000,1.850000000000
1384009545,358.000000000000,0.697625700000
1384009551,356.010000000000,0.509648600000
1384009551,356.000000000000,2.694051400000
1384009563,356.020000000000,0.351160050000
1384009563,356.000000000000,3.842069180000
1384009566,356.020000000000,3.500000000000
1384009566,357.990000000000,1.445350670000
1384009566,358.000000000000,0.054649330000
1384009572,356.070000000000,1.500000000000
1384009572,356.000000000000,0.077060000000
1384009573,356.000000000000,1.815414920000
1384009573,355.950000000000,1.245841620000
1384009614,356.020000000000,4.500000000000
1384009615,356.000000000000,0.249051230000
1384009623,356.250000000000,5.000000000000
1384009629,356.030000000000,1.871228650000
1384009629,356.000000000000,0.450948770000
1384009629,355.960000000000,6.555568040000
1384009629,355.950000000000,11.122254540000
1384009634,355.950000000000,2.631903840000
1384009634,355.910000000000,0.008274560000
1384009634,355.890000000000,0.008275020000
1384009634,355.870000000000,0.500000000000
1384009634,355.870000000000,0.008275490000
1384009634,355.830000000000,0.008276420000
1384009634,355.780000000000,0.008277580000
1384009634,355.760000000000,0.008278050000
1384009634,355.740000000000,0.008278510000
1384009634,355.720000000000,0.026700000000
1384009635,355.710000000000,0.008279210000
1384009635,355.690000000000,0.008279680000
1384009635,355.640000000000,0.008280840000
1384009635,355.520000000000,0.008283640000
1384009635,355.490000000000,0.008284330000
1384009635,355.420000000000,0.008285970000
1384009635,355.350000000000,0.008287600000
1384009635,355.260000000000,0.008289700000
1384009635,355.220000000000,0.008290630000
1384009636,355.210000000000,0.050000000000
1384009636,355.180000000000,0.008291570000
1384009636,355.130000000000,0.008292730000
1384009636,355.080000000000,0.008293900000
1384009636,355.020000000000,0.008295300000
1384009636,355.020000000000,1.000000000000
1384009636,355.000000000000,1.000000000000
1384009636,355.000000000000,2.797183090000
1384009636,355.000000000000,1.470000000000
1384009636,355.000000000000,1.000000000000
1384009638,355.000000000000,1.873499630000
1384009638,355.000000000000,0.826997380000
1384009642,356.250000000000,4.694280000000
1384009649,356.250000000000,0.188294740000
1384009678,356.010000000000,0.174264770000
1384009678,356.000000000000,0.077440820000
1384009678,356.000000000000,0.080000000000
1384009679,355.990000000000,1.008730000000
1384009680,355.000000000000,0.250000000000
1384009686,354.960000000000,0.008296700000
1384009686,354.900000000000,0.008298110000
1384009686,354.830000000000,0.008299740000
1384009686,354.580000000000,0.008305600000
1384009687,354.410000000000,0.026500000000
1384009687,354.360000000000,0.008310750000
1384009687,354.220000000000,0.008314040000
1384009687,354.060000000000,0.008317790000
1384009687,354.000000000000,0.126920900000
1384009687,353.850000000000,0.008322730000
1384009687,353.580000000000,0.008329090000
1384009688,353.280000000000,0.822144550000
1384009689,355.000000000000,0.026700000000
1384009689,355.000000000000,0.500000000000
1384009711,353.280000000000,0.683418150000
1384009711,353.180000000000,0.008338520000
1384009711,353.100000000000,0.500000000000
1384009711,353.030000000000,0.068391200000
1384009711,352.650000000000,0.543000000000
1384009711,352.350000000000,0.008358160000
1384009712,352.040000000000,0.200000000000
1384009712,352.000000000000,3.211931810000
1384009712,351.900000000000,0.027000000000
1384009712,351.870000000000,0.026700000000
1384009712,351.850000000000,0.300000000000
1384009712,351.560000000000,0.200000000000
1384009712,351.110000000000,0.300000000000
1384009712,351.110000000000,0.300000000000
1384009712,351.030000000000,0.068780900000
1384009713,351.000000000000,0.800000000000
1384009713,350.580000000000,0.008400360000
1384009713,350.580000000000,0.008400360000
1384009713,350.410000000000,0.008404440000
1384009713,350.230000000000,0.008408750000
1384009713,350.110000000000,0.459939570000
1384009724,354.000000000000,0.200000000000
1384009734,355.000000000000,0.251536650000
1384009734,355.000000000000,0.500000000000
1384009739,355.000000000000,3.365660000000
1384009745,356.010000000000,0.008244160000
1384009745,356.250000000000,0.491755840000
1384009746,355.000000000000,0.008313750000
1384009746,355.000000000000,0.008309510000
1384009746,355.000000000000,0.008305510000
1384009746,355.000000000000,0.008305510000
1384009763,355.000000000000,5.000000000000
1384009766,355.170000000000,0.008263650000
1384009770,355.170000000000,2.992383930000
1384009770,355.000000000000,27.007616070000
1384009775,355.100000000000,4.180371720000
1384009775,355.010000000000,0.819628280000
1384009780,355.010000000000,4.475703870000
1384009780,355.000000000000,5.524296130000
1384009790,355.170000000000,1.000000000000
1384009790,355.170000000000,0.753470170000
1384009805,355.000000000000,0.008295770000
1384009805,355.000000000000,0.008295770000
1384009805,354.780000000000,0.008300910000
1384009806,354.560000000000,0.008306060000
1384009806,354.340000000000,0.008311220000
1384009806,354.110000000000,0.008316620000
1384009806,354.000000000000,5.322485880000
1384009806,351.520000000000,0.026700000000
1384009806,351.000000000000,3.235607770000
1384009807,355.000000000000,0.647887330000
1384009807,355.000000000000,0.500000000000
1384009812,355.000000000000,4.000000000000
1384009826,355.000000000000,0.468281690000
1384009828,355.000000000000,14.282253520000
1384009835,355.000000000000,4.000000000000
1384009835,355.170000000000,1.246529830000
1384009836,356.240000000000,0.026185580000
1384009836,356.250000000000,3.727284590000
1384009836,356.250000000000,2.160658000000
1384009837,355.000000000000,0.204140840000
1384009837,355.000000000000,0.242112680000
1384009862,354.770000000000,1.101925190000
1384009866,354.770000000000,0.325675790000
1384009876,352.120000000000,1.000000000000
1384009877,352.050000000000,1.157534440000
1384009877,352.010000000000,0.088264540000
1384009877,352.010000000000,2.313751020000
1384009889,354.760000000000,0.088264540000
1384009902,354.760000000000,2.500000000000
1384009917,354.770000000000,2.572399020000
1384009926,355.340000000000,0.500000000000
1384009947,355.950000000000,0.026700000000
1384009947,356.000000000000,1.163771450000
1384009947,356.250000000000,3.737726830000
1384009947,356.320000000000,0.026700000000
1384009948,356.350000000000,0.027000000000
1384009948,356.410000000000,0.008234900000
1384009948,356.680000000000,0.008228670000
1384009948,356.890000000000,0.008223830000
1384009948,356.940000000000,0.008222680000
1384009948,357.050000000000,0.008220140000
1384009948,357.170000000000,0.008217380000
1384009949,357.190000000000,0.008216920000
1384009949,357.400000000000,0.008212090000
1384009949,357.420000000000,0.008211630000
1384009949,357.440000000000,0.790000000000
1384009949,357.620000000000,0.008207040000
1384009949,357.670000000000,0.008205890000
1384009949,357.740000000000,0.008204290000
1384009949,357.800000000000,0.008202910000
1384009949,357.840000000000,0.008201990000
1384009950,357.840000000000,0.008201990000
1384009950,357.860000000000,0.008201540000
1384009950,357.920000000000,0.008200160000
1384009950,357.970000000000,0.008199020000
1384009950,358.020000000000,0.008197870000
1384009950,358.060000000000,0.008196960000
1384009950,358.100000000000,0.008196040000
1384009950,358.190000000000,0.008193980000
1384009950,358.260000000000,0.008192380000
1384009951,358.330000000000,0.008190780000
1384009951,358.360000000000,0.008190090000
1384009951,358.490000000000,0.008187120000
1384009951,358.540000000000,0.008185980000
1384009951,358.550000000000,0.495049500000
1384009965,358.560000000000,0.008185520000
1384009965,358.590000000000,0.008184840000
1384009965,358.610000000000,0.008184380000
1384009965,358.630000000000,0.008183930000
1384009965,358.680000000000,0.008182790000
1384009965,358.720000000000,0.008181870000
1384009965,358.730000000000,0.495038050000
1384009966,358.740000000000,0.008181420000
1384009966,358.760000000000,0.008180960000
1384009966,358.800000000000,1.479886150000
1384009966,358.860000000000,0.026500000000
1384009966,358.900000000000,0.495040400000
1384009966,358.960000000000,3.105769690000
1384009971,358.960000000000,1.588510310000
1384009971,359.740000000000,0.362000000000
1384009971,359.820000000000,0.026700000000
1384009971,359.820000000000,0.495039190000
1384009971,359.990000000000,10.596778270000
1384009985,358.720000000000,0.413751020000
1384009985,359.980000000000,0.086248980000
1384009987,358.550000000000,0.179828950000
1384009987,358.550000000000,0.008213630000
1384009987,358.520000000000,0.008214320000
1384009987,358.500000000000,0.008214780000
1384009987,358.470000000000,0.008215470000
1384009987,358.450000000000,0.008215920000
1384009987,358.420000000000,0.008216610000
1384009987,355.000000000000,1.500000000000
1384009988,354.990000000000,0.026500000000
1384009988,354.770000000000,0.223610320000
1384009991,358.550000000000,0.204140840000
1384010004,358.390000000000,0.008217300000
1384010004,358.370000000000,0.008217760000
1384010004,358.340000000000,0.008218450000
1384010004,358.320000000000,0.008218910000
1384010004,358.290000000000,0.008219590000
1384010005,358.260000000000,0.008220280000
1384010005,358.240000000000,0.008220740000
1384010005,358.210000000000,0.008221430000
1384010005,358.180000000000,0.008222120000
1384010005,356.510000000000,5.926023420000
1384010025,358.860000000000,0.525424820000
1384010029,358.870000000000,0.130715860000
1384010039,358.870000000000,7.417922920000
1384010040,358.860000000000,0.455152560000
1384010046,358.850000000000,0.348069170000
1384010054,358.850000000000,0.151930830000
1384010061,358.160000000000,0.008222580000
1384010061,358.130000000000,0.008223270000
1384010061,358.110000000000,0.008223730000
1384010061,358.080000000000,0.008224410000
1384010061,358.050000000000,0.008225100000
1384010061,358.030000000000,0.008225560000
1384010061,358.000000000000,0.008226250000
1384010061,357.970000000000,0.008226940000
1384010062,357.950000000000,0.008227400000
1384010062,357.920000000000,0.008228090000
1384010062,357.890000000000,0.008228780000
1384010062,357.870000000000,0.008229240000
1384010062,357.840000000000,0.008229930000
1384010062,357.810000000000,0.008230620000
1384010062,357.780000000000,0.008231310000
1384010063,357.760000000000,0.008231770000
1384010063,357.730000000000,0.008232460000
1384010063,357.700000000000,0.008233150000
1384010063,357.680000000000,0.008233610000
1384010063,357.650000000000,0.008234300000
1384010063,356.520000000000,1.269877610000
1384010063,356.510000000000,0.065553890000
1384010083,358.800000000000,2.637423420000
1384010085,358.850000000000,0.005000000000
1384010086,358.850000000000,3.067888880000
1384010096,358.850000000000,0.666193440000
1384010100,358.850000000000,5.131111760000
1384010106,358.870000000000,0.500000000000
1384010112,358.850000000000,4.422210000000
1384010112,358.850000000000,0.292687180000
1384010145,358.800000000000,0.208507460000
1384010145,358.800000000000,0.383249720000
1384010145,357.170000000000,2.408242820000
1384010167,358.800000000000,0.500000000000
1384010178,358.800000000000,0.500000000000
1384010178,358.850000000000,0.072074790000
1384010178,358.860000000000,0.096691470000
1384010179,358.870000000000,1.455252740000
1384010186,358.870000000000,1.004000000000
1384010189,357.170000000000,1.000000000000
1384010220,358.860000000000,0.031234310000
1384010220,358.870000000000,2.968765690000
1384010221,357.170000000000,5.000000000000
1384010225,358.870000000000,0.500000000000
1384010285,358.750000000000,0.500000000000
1384010299,358.750000000000,0.588125440000
1384010317,358.750000000000,0.324680700000
1384010347,358.750000000000,0.161983860000
1384010348,358.750000000000,0.338016140000
1384010355,357.180000000000,0.389915450000
1384010355,357.170000000000,2.610084550000
1384010371,357.170000000000,0.200000000000
1384010378,357.170000000000,2.000000000000
1384010400,358.500000000000,1.661983860000
1384010407,358.860000000000,0.500000000000
1384010407,358.860000000000,0.027894010000
1384010415,358.500000000000,23.387500100000
1384010415,357.180000000000,1.195475670000
1384010415,357.170000000000,11.194814230000
1384010447,357.170000000000,3.586858400000
1384010459,357.000000000000,0.020000000000
1384010467,357.000000000000,0.500000000000
1384010468,356.510000000000,1.000000000000
1384010472,357.000000000000,3.975267040000
1384010473,357.000000000000,3.075587020000
1384010473,356.510000000000,20.183080410000
1384010474,356.510000000000,3.747570000000
1384010479,356.510000000000,2.000000000000
1384010499,356.010000000000,0.034799990000
1384010510,356.010000000000,0.163874200000
1384010516,356.010000000000,1.670730000000
1384010522,356.010000000000,0.218561270000
1384010522,356.010000000000,0.011994040000
1384010532,356.010000000000,0.037049520000
1384010543,356.000000000000,0.020000000000
1384010560,356.000000000000,1.240000000000
1384010560,356.000000000000,0.210000000000
1384010583,356.000000000000,0.290000000000
1384010585,356.000000000000,0.711207870000
1384010593,356.000000000000,5.600056180000
